<?xml version="1.0" encoding="UTF-8" ?>
<marc:collection xmlns:marc="http://www.loc.gov/MARC21/slim"
    xmlns:xsi="http://www.w3.org/2001/XMLSchema-instance"
    xsi:schemaLocation="http://www.loc.gov/MARC21/slim
    http://www.loc.gov/standards/marcxml/schema/MARC21slim.xsd">
    <marc:record>
        <marc:leader>02042cam a2200421 i 4500</marc:leader>
        <marc:controlfield tag="001">3315027</marc:controlfield>
        <marc:controlfield tag="005">20241112025810.4</marc:controlfield>
        <marc:controlfield tag="008">780802s1977    aku      b   s100 0 eng  </marc:controlfield>
        <marc:datafield tag="010" ind1=" " ind2=" ">
            <marc:subfield code="a">   78620504 </marc:subfield>
        </marc:datafield>
        <marc:datafield tag="040" ind1=" " ind2=" ">
            <marc:subfield code="a">DLC</marc:subfield>
            <marc:subfield code="b">eng</marc:subfield>
            <marc:subfield code="c">DLC</marc:subfield>
            <marc:subfield code="d">OCL</marc:subfield>
            <marc:subfield code="d">OCLCQ</marc:subfield>
            <marc:subfield code="d">BTCTA</marc:subfield>
            <marc:subfield code="d">GBVCP</marc:subfield>
            <marc:subfield code="d">OCLCO</marc:subfield>
            <marc:subfield code="d">OCLCA</marc:subfield>
            <marc:subfield code="d">OCLCF</marc:subfield>
            <marc:subfield code="d">OCLCQ</marc:subfield>
            <marc:subfield code="d">OCLCO</marc:subfield>
            <marc:subfield code="d">OCL</marc:subfield>
            <marc:subfield code="d">OCLCO</marc:subfield>
            <marc:subfield code="d">OCLCA</marc:subfield>
            <marc:subfield code="d">AGL</marc:subfield>
            <marc:subfield code="d">OCLCO</marc:subfield>
            <marc:subfield code="d">OCLCL</marc:subfield>
            <marc:subfield code="d">OCLCQ</marc:subfield>
            <marc:subfield code="d">OCLCL</marc:subfield>
            <marc:subfield code="d">OCLCO</marc:subfield>
        </marc:datafield>
        <marc:datafield tag="019" ind1=" " ind2=" ">
            <marc:subfield code="a">897991537</marc:subfield>
        </marc:datafield>
        <marc:datafield tag="043" ind1=" " ind2=" ">
            <marc:subfield code="a">n-us-ak</marc:subfield>
        </marc:datafield>
        <marc:datafield tag="050" ind1="1" ind2=" ">
            <marc:subfield code="a">SH35.A62</marc:subfield>
            <marc:subfield code="b">A68 1977</marc:subfield>
        </marc:datafield>
        <marc:datafield tag="070" ind1=" " ind2=" ">
            <marc:subfield code="a">SH35.A62A68</marc:subfield>
            <marc:subfield code="b">1977</marc:subfield>
        </marc:datafield>
        <marc:datafield tag="082" ind1="0" ind2=" ">
            <marc:subfield code="a">630/.9164/34</marc:subfield>
        </marc:datafield>
        <marc:datafield tag="084" ind1=" " ind2=" ">
            <marc:subfield code="a">21,3</marc:subfield>
            <marc:subfield code="2">ssgn</marc:subfield>
        </marc:datafield>
        <marc:datafield tag="049" ind1=" " ind2=" ">
            <marc:subfield code="a">WAUW</marc:subfield>
        </marc:datafield>
        <marc:datafield tag="111" ind1="2" ind2=" ">
            <marc:subfield code="a">Alaska Aquaculture Conference</marc:subfield>
            <marc:subfield code="n">(2nd :</marc:subfield>
            <marc:subfield code="d">1977 :</marc:subfield>
            <marc:subfield code="c">Wrangell, Alaska)</marc:subfield>
        </marc:datafield>
        <marc:datafield tag="245" ind1="1" ind2="0">
            <marc:subfield code="a">Proceedings of the second Alaska Aguaculture Conference, January 7, 8, and 9, 1977, Wrangell, Alaska.</marc:subfield>
        </marc:datafield>
        <marc:datafield tag="260" ind1=" " ind2=" ">
            <marc:subfield code="a">[Fairbanks] :</marc:subfield>
            <marc:subfield code="b">Alaska Sea Grant Program,</marc:subfield>
            <marc:subfield code="c">1977.</marc:subfield>
        </marc:datafield>
        <marc:datafield tag="300" ind1=" " ind2=" ">
            <marc:subfield code="a">iv, 78 pages ;</marc:subfield>
            <marc:subfield code="c">28 cm.</marc:subfield>
        </marc:datafield>
        <marc:datafield tag="336" ind1=" " ind2=" ">
            <marc:subfield code="a">text</marc:subfield>
            <marc:subfield code="b">txt</marc:subfield>
            <marc:subfield code="2">rdacontent</marc:subfield>
        </marc:datafield>
        <marc:datafield tag="337" ind1=" " ind2=" ">
            <marc:subfield code="a">unmediated</marc:subfield>
            <marc:subfield code="b">n</marc:subfield>
            <marc:subfield code="2">rdamedia</marc:subfield>
        </marc:datafield>
        <marc:datafield tag="338" ind1=" " ind2=" ">
            <marc:subfield code="a">volume</marc:subfield>
            <marc:subfield code="b">nc</marc:subfield>
            <marc:subfield code="2">rdacarrier</marc:subfield>
        </marc:datafield>
        <marc:datafield tag="490" ind1="1" ind2=" ">
            <marc:subfield code="a">Sea grant report ;</marc:subfield>
            <marc:subfield code="v">77-7</marc:subfield>
        </marc:datafield>
        <marc:datafield tag="504" ind1=" " ind2=" ">
            <marc:subfield code="a">Includes bibliographical references.</marc:subfield>
        </marc:datafield>
        <marc:datafield tag="650" ind1=" " ind2="0">
            <marc:subfield code="a">Aquaculture</marc:subfield>
            <marc:subfield code="z">Alaska</marc:subfield>
            <marc:subfield code="v">Congresses.</marc:subfield>
        </marc:datafield>
        <marc:datafield tag="650" ind1=" " ind2="0">
            <marc:subfield code="a">Aquaculture</marc:subfield>
            <marc:subfield code="v">Congresses.</marc:subfield>
        </marc:datafield>
        <marc:datafield tag="650" ind1=" " ind2="6">
            <marc:subfield code="a">Aquaculture</marc:subfield>
            <marc:subfield code="0">(CaQQLa)201-0001992</marc:subfield>
            <marc:subfield code="z">Alaska</marc:subfield>
            <marc:subfield code="0">(CaQQLa)201-0460551</marc:subfield>
            <marc:subfield code="v">Congrès.</marc:subfield>
            <marc:subfield code="0">(CaQQLa)201-0378219</marc:subfield>
        </marc:datafield>
        <marc:datafield tag="650" ind1=" " ind2="6">
            <marc:subfield code="a">Aquaculture</marc:subfield>
            <marc:subfield code="0">(CaQQLa)201-0001992</marc:subfield>
            <marc:subfield code="v">Congrès.</marc:subfield>
            <marc:subfield code="0">(CaQQLa)201-0378219</marc:subfield>
        </marc:datafield>
        <marc:datafield tag="650" ind1=" " ind2="7">
            <marc:subfield code="a">Aquaculture</marc:subfield>
            <marc:subfield code="2">fast</marc:subfield>
            <marc:subfield code="0">(OCoLC)fst00811864</marc:subfield>
        </marc:datafield>
        <marc:datafield tag="651" ind1=" " ind2="7">
            <marc:subfield code="a">Alaska</marc:subfield>
            <marc:subfield code="2">fast</marc:subfield>
            <marc:subfield code="1">https://id.oclc.org/worldcat/entity/E39QbtfRq9rTfb3H89Vvrr9x9c</marc:subfield>
            <marc:subfield code="0">(OCoLC)fst01204480</marc:subfield>
        </marc:datafield>
        <marc:datafield tag="655" ind1=" " ind2="7">
            <marc:subfield code="a">Conference papers and proceedings</marc:subfield>
            <marc:subfield code="2">fast</marc:subfield>
            <marc:subfield code="0">(OCoLC)fst01423772</marc:subfield>
        </marc:datafield>
        <marc:datafield tag="710" ind1="2" ind2=" ">
            <marc:subfield code="a">Alaska Sea Grant Program.</marc:subfield>
            <marc:subfield code="1">https://id.oclc.org/worldcat/entity/E39QQPVp7TrP9tRGQfMbk46B7R</marc:subfield>
        </marc:datafield>
        <marc:datafield tag="776" ind1="0" ind2="8">
            <marc:subfield code="i">Online version:</marc:subfield>
            <marc:subfield code="a">Alaska Aquaculture Conference (2nd : 1977 : Wrangell, Alaska).</marc:subfield>
            <marc:subfield code="t">Proceedings of the second Alaska Aguaculture Conference, January 7, 8, and 9, 1977, Wrangell, Alaska.</marc:subfield>
            <marc:subfield code="d">[Fairbanks] : Alaska Sea Grant Program, 1977</marc:subfield>
            <marc:subfield code="w">(OCoLC)930339901</marc:subfield>
        </marc:datafield>
        <marc:datafield tag="830" ind1=" " ind2="0">
            <marc:subfield code="a">Alaska sea grant report ;</marc:subfield>
            <marc:subfield code="v">77-7.</marc:subfield>
        </marc:datafield>
        <marc:datafield tag="938" ind1=" " ind2=" ">
            <marc:subfield code="a">Baker and Taylor</marc:subfield>
            <marc:subfield code="b">BTCP</marc:subfield>
            <marc:subfield code="n">78620504</marc:subfield>
        </marc:datafield>
        <marc:datafield tag="029" ind1="1" ind2=" ">
            <marc:subfield code="a">GBVCP</marc:subfield>
            <marc:subfield code="b">043490379</marc:subfield>
        </marc:datafield>
    </marc:record>