
    <marc:record>
        <marc:leader>06350cam a22007094a 4500</marc:leader>
        <marc:controlfield tag="001">47053634</marc:controlfield>
        <marc:controlfield tag="005">20250319185534.7</marc:controlfield>
        <marc:controlfield tag="008">010601m19992005it a     f    000 0 eng c</marc:controlfield>
        <marc:datafield tag="010" ind1=" " ind2=" ">
            <marc:subfield code="a">  2001515545</marc:subfield>
        </marc:datafield>
        <marc:datafield tag="040" ind1=" " ind2=" ">
            <marc:subfield code="a">OSU</marc:subfield>
            <marc:subfield code="b">eng</marc:subfield>
            <marc:subfield code="c">OSU</marc:subfield>
            <marc:subfield code="d">OKS</marc:subfield>
            <marc:subfield code="d">DLC</marc:subfield>
            <marc:subfield code="d">OCLCQ</marc:subfield>
            <marc:subfield code="d">UMC</marc:subfield>
            <marc:subfield code="d">UKM</marc:subfield>
            <marc:subfield code="d">YDXCP</marc:subfield>
            <marc:subfield code="d">BTCTA</marc:subfield>
            <marc:subfield code="d">OCLCF</marc:subfield>
            <marc:subfield code="d">OCLCQ</marc:subfield>
            <marc:subfield code="d">OCLCO</marc:subfield>
            <marc:subfield code="d">OCL</marc:subfield>
            <marc:subfield code="d">SOI</marc:subfield>
            <marc:subfield code="d">OCLCQ</marc:subfield>
            <marc:subfield code="d">NZAUC</marc:subfield>
            <marc:subfield code="d">OCLCA</marc:subfield>
            <marc:subfield code="d">QE2</marc:subfield>
            <marc:subfield code="d">UKMGB</marc:subfield>
            <marc:subfield code="d">OCLCO</marc:subfield>
            <marc:subfield code="d">CN3GA</marc:subfield>
            <marc:subfield code="d">IG#</marc:subfield>
            <marc:subfield code="d">LD0</marc:subfield>
            <marc:subfield code="d">OCLCO</marc:subfield>
        </marc:datafield>
        <marc:datafield tag="015" ind1=" " ind2=" ">
            <marc:subfield code="a">GBA131082</marc:subfield>
            <marc:subfield code="2">bnb</marc:subfield>
        </marc:datafield>
        <marc:datafield tag="016" ind1="7" ind2=" ">
            <marc:subfield code="a">007759105</marc:subfield>
            <marc:subfield code="2">Uk</marc:subfield>
        </marc:datafield>
        <marc:datafield tag="019" ind1=" " ind2=" ">
            <marc:subfield code="a">155575223</marc:subfield>
            <marc:subfield code="a">639205219</marc:subfield>
            <marc:subfield code="a">969432366</marc:subfield>
            <marc:subfield code="a">973625682</marc:subfield>
            <marc:subfield code="a">1099738754</marc:subfield>
        </marc:datafield>
        <marc:datafield tag="020" ind1=" " ind2=" ">
            <marc:subfield code="a">9251043809</marc:subfield>
        </marc:datafield>
        <marc:datafield tag="020" ind1=" " ind2=" ">
            <marc:subfield code="a">9789251043806</marc:subfield>
        </marc:datafield>
        <marc:datafield tag="020" ind1=" " ind2=" ">
            <marc:subfield code="a">9251053049</marc:subfield>
            <marc:subfield code="q">(v. 2 ;</marc:subfield>
            <marc:subfield code="q">pbk.)</marc:subfield>
        </marc:datafield>
        <marc:datafield tag="020" ind1=" " ind2=" ">
            <marc:subfield code="a">9789251053041</marc:subfield>
            <marc:subfield code="q">(v. 2 ;</marc:subfield>
            <marc:subfield code="q">pbk.)</marc:subfield>
        </marc:datafield>
        <marc:datafield tag="042" ind1=" " ind2=" ">
            <marc:subfield code="a">pcc</marc:subfield>
        </marc:datafield>
        <marc:datafield tag="050" ind1="0" ind2="0">
            <marc:subfield code="a">SH167.S33</marc:subfield>
            <marc:subfield code="b">M36 1999</marc:subfield>
        </marc:datafield>
        <marc:datafield tag="055" ind1=" " ind2="3">
            <marc:subfield code="a">QL638.S48</marc:subfield>
            <marc:subfield code="b">M36 1999</marc:subfield>
        </marc:datafield>
        <marc:datafield tag="082" ind1="0" ind2="4">
            <marc:subfield code="a">639.3/11</marc:subfield>
            <marc:subfield code="2">21</marc:subfield>
        </marc:datafield>
        <marc:datafield tag="082" ind1="0" ind2="4">
            <marc:subfield code="a">639.3772</marc:subfield>
            <marc:subfield code="2">22</marc:subfield>
        </marc:datafield>
        <marc:datafield tag="084" ind1=" " ind2=" ">
            <marc:subfield code="a">EM 79(S)</marc:subfield>
            <marc:subfield code="2">blsrissc</marc:subfield>
        </marc:datafield>
        <marc:datafield tag="084" ind1=" " ind2=" ">
            <marc:subfield code="a">EM 70</marc:subfield>
            <marc:subfield code="2">blsrissc</marc:subfield>
        </marc:datafield>
        <marc:datafield tag="049" ind1=" " ind2=" ">
            <marc:subfield code="a">WAUW</marc:subfield>
        </marc:datafield>
        <marc:datafield tag="245" ind1="0" ind2="0">
            <marc:subfield code="a">Manual on hatchery production of seabass and gilthead seabream /</marc:subfield>
            <marc:subfield code="c">by Alessandro Moretti [and others].</marc:subfield>
        </marc:datafield>
        <marc:datafield tag="260" ind1=" " ind2=" ">
            <marc:subfield code="a">Rome :</marc:subfield>
            <marc:subfield code="b">Food and Agriculture Organization of the United Nations,</marc:subfield>
            <marc:subfield code="c">1999-2005.</marc:subfield>
        </marc:datafield>
        <marc:datafield tag="300" ind1=" " ind2=" ">
            <marc:subfield code="a">2 volumes :</marc:subfield>
            <marc:subfield code="b">illustrations (some color) ;</marc:subfield>
            <marc:subfield code="c">30 cm</marc:subfield>
        </marc:datafield>
        <marc:datafield tag="336" ind1=" " ind2=" ">
            <marc:subfield code="a">text</marc:subfield>
            <marc:subfield code="b">txt</marc:subfield>
            <marc:subfield code="2">rdacontent</marc:subfield>
        </marc:datafield>
        <marc:datafield tag="337" ind1=" " ind2=" ">
            <marc:subfield code="a">unmediated</marc:subfield>
            <marc:subfield code="b">n</marc:subfield>
            <marc:subfield code="2">rdamedia</marc:subfield>
        </marc:datafield>
        <marc:datafield tag="338" ind1=" " ind2=" ">
            <marc:subfield code="a">volume</marc:subfield>
            <marc:subfield code="b">nc</marc:subfield>
            <marc:subfield code="2">rdacarrier</marc:subfield>
        </marc:datafield>
        <marc:datafield tag="520" ind1=" " ind2=" ">
            <marc:subfield code="a">Volume 1: The first part covers the historical background and a discussion of the main factors that affect fish seed production. The second section describes the life history and biology of the species. This includes also a short section on microalgae, rotifers and brine shrimp. The third section of the first volume deals with hatchery production procedures, from broodstock management to production of live feed, egg management, larval rearing weaning, fry transport, and diseases.</marc:subfield>
        </marc:datafield>
        <marc:datafield tag="520" ind1=" " ind2=" ">
            <marc:subfield code="a">Volume 2: Deals with the design and production of theb hatchery, engineering aspects of water supply, hydraulic circuits, and equipment used in the hatcheries. It also includes guidance on financial aspects that could be useful for project design, and operation of hatcheries.</marc:subfield>
        </marc:datafield>
        <marc:datafield tag="505" ind1="0" ind2=" ">
            <marc:subfield code="a">Volume 1. Summary &amp; introduction -- Part 1. Historical background and present situation -- 1.1. Historical background -- 1.2. Present situation -- 1.3. Main factors affecting fish seed production -- Part 2. Biology and life history -- 2.1. Gilthead seabream -- 2.2. The European seabass -- 2.3. Live food for marine fish larvae -- Part 3. Hatchery production procedures -- 3.1. Broodstock management -- 3.2. Production of live feeds -- 3.3. Fish egg management -- 3.4. Larval rearing -- 3.5. Weaning -- 3.6. Fry transport -- 3.7. Fry diseases: introduction to their observation, analysis and first treatment -- 3.8. Morphoanatomic and morphometric standards.</marc:subfield>
        </marc:datafield>
        <marc:datafield tag="505" ind1="0" ind2=" ">
            <marc:subfield code="a">Volume 2. Part 1. Hatchery design and construction -- 1.1. Calculating the size of a hatchery -- 1.2. Site selection criteria -- 1.3. Environmental factors -- 1.4. Socio-economic aspects -- 1.5. Existing facilities -- 1.6. Hatchery layout -- 1.7. Broodstock unit -- 1.8. Live food unit -- 1.9. Pure strain and up-scale culture room -- 1.10. Intermediate algae and rotifer bag culture room -- 1.11. Rotifer culture and enrichment -- 1.12. Brine shrimp production and enrichment -- 1.13. Larval rearing unit -- 1.14. Weaning unit -- 1.15. Support units -- 1.16. General relationships among units and systems -- Part 2. Engineering -- 2.1. Introduction -- 2.2. Seawater supply, distribution and drainage systems -- 2.3. Seawater intake -- 2.4. Designing water intakes -- 2.5. Considerations on the choice of water intake -- 2.6. Main pumping station -- 2.7. Design of the pumping stations -- 2.8. Considerations for the choice of the pumping station -- 2.9. Seawater wells -- 2.10. Pipelines and canals -- 2.11. Design of pipelines, outlets and canals -- 2.12. Design of hatchery hydraulic circuits: examples of calculations -- 2.13. Pumps -- 2.14. Designing the pumping station -- 2.15. Considerations for the choice of a pumping system -- Part 3. Equipment -- 3.1. Tanks -- 3.2. Filters -- 3.3. Settlement tanks and other settlement devices -- 3.4. Water sterilisers -- 3.5. Oxygenators and aerators -- 3.6. Oxygen monitoring and regulating system -- 3.7. Water temperature conditioning -- 3.8. Auxiliary equipment for fry management -- Part 4. Financial aspects -- 4.1. Investing in a hatchery -- 4.2. Evaluation of financial requirements for hatchery operations -- 4.3. Base cost elements -- 4.4. Financial cost and cash flow requirements -- 4.5. Hatcheries turnover compared with growout farms -- 4.6. How and what to production -- 4.7. Risks -- 4.8. Insurance.</marc:subfield>
        </marc:datafield>
        <marc:datafield tag="650" ind1=" " ind2="0">
            <marc:subfield code="a">Sea basses.</marc:subfield>
        </marc:datafield>
        <marc:datafield tag="650" ind1=" " ind2="0">
            <marc:subfield code="a">Fish culture</marc:subfield>
            <marc:subfield code="v">Handbooks, manuals, etc.</marc:subfield>
        </marc:datafield>
        <marc:datafield tag="650" ind1=" " ind2="0">
            <marc:subfield code="a">Aquaculture</marc:subfield>
            <marc:subfield code="v">Handbooks, manuals, etc.</marc:subfield>
        </marc:datafield>
        <marc:datafield tag="650" ind1=" " ind2="6">
            <marc:subfield code="a">Pisciculture</marc:subfield>
            <marc:subfield code="0">(CaQQLa)201-0032618</marc:subfield>
            <marc:subfield code="v">Guides, manuels, etc.</marc:subfield>
            <marc:subfield code="0">(CaQQLa)201-0377046</marc:subfield>
        </marc:datafield>
        <marc:datafield tag="650" ind1=" " ind2="6">
            <marc:subfield code="a">Aquaculture</marc:subfield>
            <marc:subfield code="0">(CaQQLa)201-0001992</marc:subfield>
            <marc:subfield code="v">Guides, manuels, etc.</marc:subfield>
            <marc:subfield code="0">(CaQQLa)201-0377046</marc:subfield>
        </marc:datafield>
        <marc:datafield tag="650" ind1=" " ind2="7">
            <marc:subfield code="a">Aquaculture</marc:subfield>
            <marc:subfield code="2">fast</marc:subfield>
            <marc:subfield code="0">(OCoLC)fst00811864</marc:subfield>
        </marc:datafield>
        <marc:datafield tag="650" ind1=" " ind2="7">
            <marc:subfield code="a">Fish culture</marc:subfield>
            <marc:subfield code="2">fast</marc:subfield>
            <marc:subfield code="0">(OCoLC)fst00926017</marc:subfield>
        </marc:datafield>
        <marc:datafield tag="650" ind1=" " ind2="7">
            <marc:subfield code="a">Sea basses</marc:subfield>
            <marc:subfield code="2">fast</marc:subfield>
            <marc:subfield code="0">(OCoLC)fst01109987</marc:subfield>
        </marc:datafield>
        <marc:datafield tag="653" ind1=" " ind2=" ">
            <marc:subfield code="a">marine aquaculture</marc:subfield>
            <marc:subfield code="a">fry production</marc:subfield>
            <marc:subfield code="a">Sparus</marc:subfield>
            <marc:subfield code="a">Dicentrarchus</marc:subfield>
            <marc:subfield code="a">larval rearing</marc:subfield>
            <marc:subfield code="a">fish hatcheries</marc:subfield>
        </marc:datafield>
        <marc:datafield tag="655" ind1=" " ind2="7">
            <marc:subfield code="a">handbooks.</marc:subfield>
            <marc:subfield code="2">aat</marc:subfield>
            <marc:subfield code="0">(CStmoGRI)aatgf300311807</marc:subfield>
        </marc:datafield>
        <marc:datafield tag="655" ind1=" " ind2="7">
            <marc:subfield code="a">Handbooks and manuals</marc:subfield>
            <marc:subfield code="2">fast</marc:subfield>
            <marc:subfield code="0">(OCoLC)fst01423877</marc:subfield>
        </marc:datafield>
        <marc:datafield tag="655" ind1=" " ind2="7">
            <marc:subfield code="a">Handbooks and manuals.</marc:subfield>
            <marc:subfield code="2">lcgft</marc:subfield>
        </marc:datafield>
        <marc:datafield tag="655" ind1=" " ind2="7">
            <marc:subfield code="a">Guides et manuels.</marc:subfield>
            <marc:subfield code="2">rvmgf</marc:subfield>
            <marc:subfield code="0">(CaQQLa)RVMGF-000001065</marc:subfield>
        </marc:datafield>
        <marc:datafield tag="700" ind1="1" ind2=" ">
            <marc:subfield code="a">Morretti, Alessandro.</marc:subfield>
        </marc:datafield>
        <marc:datafield tag="710" ind1="2" ind2=" ">
            <marc:subfield code="a">Food and Agriculture Organization of the United Nations.</marc:subfield>
        </marc:datafield>
        <marc:datafield tag="776" ind1="0" ind2="8">
            <marc:subfield code="i">Online version:</marc:subfield>
            <marc:subfield code="t">Manual on hatchery production of seabass and gilthead seabream.</marc:subfield>
            <marc:subfield code="d">Rome : Food and Agriculture Organization of the United Nations, 1999-2005</marc:subfield>
            <marc:subfield code="w">(OCoLC)626844041</marc:subfield>
        </marc:datafield>
        <marc:datafield tag="856" ind1="4" ind2="1">
            <marc:subfield code="u">http://www.fao.org/documents/show_cdr.asp?url_file=/docrep/005/x3980e/x3980e00.htm</marc:subfield>
            <marc:subfield code="3">Link to electronic version of volume 1.</marc:subfield>
        </marc:datafield>
        <marc:datafield tag="856" ind1="4" ind2="1">
            <marc:subfield code="u">http://www.fao.org/documents/show_cdr.asp?url_file=/docrep/008/y6018e/y6018e01.htm</marc:subfield>
            <marc:subfield code="3">Link to electronic version of volume 2.</marc:subfield>
        </marc:datafield>
        <marc:datafield tag="938" ind1=" " ind2=" ">
            <marc:subfield code="a">Ingram Library Services</marc:subfield>
            <marc:subfield code="b">INGR</marc:subfield>
            <marc:subfield code="n">in010183218</marc:subfield>
        </marc:datafield>
        <marc:datafield tag="938" ind1=" " ind2=" ">
            <marc:subfield code="a">Baker and Taylor</marc:subfield>
            <marc:subfield code="b">BTCP</marc:subfield>
            <marc:subfield code="n">BK0009045182</marc:subfield>
        </marc:datafield>
        <marc:datafield tag="938" ind1=" " ind2=" ">
            <marc:subfield code="a">YBP Library Services</marc:subfield>
            <marc:subfield code="b">YANK</marc:subfield>
            <marc:subfield code="n">100326330</marc:subfield>
        </marc:datafield>
        <marc:datafield tag="029" ind1="1" ind2=" ">
            <marc:subfield code="a">AU@</marc:subfield>
            <marc:subfield code="b">000022738572</marc:subfield>
        </marc:datafield>
        <marc:datafield tag="029" ind1="1" ind2=" ">
            <marc:subfield code="a">AU@</marc:subfield>
            <marc:subfield code="b">000023167959</marc:subfield>
        </marc:datafield>
        <marc:datafield tag="029" ind1="1" ind2=" ">
            <marc:subfield code="a">AU@</marc:subfield>
            <marc:subfield code="b">000023306473</marc:subfield>
        </marc:datafield>
        <marc:datafield tag="029" ind1="1" ind2=" ">
            <marc:subfield code="a">NZ1</marc:subfield>
            <marc:subfield code="b">6215288</marc:subfield>
        </marc:datafield>
        <marc:datafield tag="029" ind1="1" ind2=" ">
            <marc:subfield code="a">NZ1</marc:subfield>
            <marc:subfield code="b">6690842</marc:subfield>
        </marc:datafield>
        <marc:datafield tag="029" ind1="1" ind2=" ">
            <marc:subfield code="a">UKMGB</marc:subfield>
            <marc:subfield code="b">007759105</marc:subfield>
        </marc:datafield>
    </marc:record>