
    <marc:record>
        <marc:leader>03260cai a2200565 a 4500</marc:leader>
        <marc:controlfield tag="001">39720541</marc:controlfield>
        <marc:controlfield tag="005">20241019171403.3</marc:controlfield>
        <marc:controlfield tag="008">980819c19979999wauuu w o    s0    2eng d</marc:controlfield>
        <marc:controlfield tag="006">m     o  d s      </marc:controlfield>
        <marc:controlfield tag="007">cr mn|||||||||</marc:controlfield>
        <marc:datafield tag="040" ind1=" " ind2=" ">
            <marc:subfield code="a">WAU</marc:subfield>
            <marc:subfield code="b">eng</marc:subfield>
            <marc:subfield code="c">WAU</marc:subfield>
            <marc:subfield code="d">OCL</marc:subfield>
            <marc:subfield code="d">OCLCQ</marc:subfield>
            <marc:subfield code="d">OCLCG</marc:subfield>
            <marc:subfield code="d">OCLCQ</marc:subfield>
            <marc:subfield code="d">OCLCO</marc:subfield>
            <marc:subfield code="d">OCLCQ</marc:subfield>
            <marc:subfield code="d">OCLCA</marc:subfield>
            <marc:subfield code="d">OCLCQ</marc:subfield>
            <marc:subfield code="d">OCLCF</marc:subfield>
            <marc:subfield code="d">OCLCA</marc:subfield>
            <marc:subfield code="d">OCLCO</marc:subfield>
            <marc:subfield code="d">ORE</marc:subfield>
            <marc:subfield code="d">OCLCO</marc:subfield>
            <marc:subfield code="d">OCLCQ</marc:subfield>
            <marc:subfield code="d">OCLCL</marc:subfield>
            <marc:subfield code="d">OCLCO</marc:subfield>
        </marc:datafield>
        <marc:datafield tag="043" ind1=" " ind2=" ">
            <marc:subfield code="a">n-us-wa</marc:subfield>
        </marc:datafield>
        <marc:datafield tag="050" ind1=" " ind2="4">
            <marc:subfield code="a">GC58.12.W2</marc:subfield>
        </marc:datafield>
        <marc:datafield tag="049" ind1=" " ind2=" ">
            <marc:subfield code="a">WAUW</marc:subfield>
        </marc:datafield>
        <marc:datafield tag="245" ind1="0" ind2="0">
            <marc:subfield code="a">University of Washington Sea Grant.</marc:subfield>
        </marc:datafield>
        <marc:datafield tag="246" ind1="1" ind2=" ">
            <marc:subfield code="i">HTML source title:</marc:subfield>
            <marc:subfield code="a">Washington Sea Grant Program</marc:subfield>
        </marc:datafield>
        <marc:datafield tag="260" ind1=" " ind2=" ">
            <marc:subfield code="a">Seattle, Wash. :</marc:subfield>
            <marc:subfield code="b">Office of Marine Environmental and Resource Programs, Washington Sea Grant Program,</marc:subfield>
            <marc:subfield code="c">1997-</marc:subfield>
        </marc:datafield>
        <marc:datafield tag="300" ind1=" " ind2=" ">
            <marc:subfield code="a">1 online resource</marc:subfield>
        </marc:datafield>
        <marc:datafield tag="336" ind1=" " ind2=" ">
            <marc:subfield code="a">text</marc:subfield>
            <marc:subfield code="b">txt</marc:subfield>
            <marc:subfield code="2">rdacontent</marc:subfield>
        </marc:datafield>
        <marc:datafield tag="337" ind1=" " ind2=" ">
            <marc:subfield code="a">computer</marc:subfield>
            <marc:subfield code="b">c</marc:subfield>
            <marc:subfield code="2">rdamedia</marc:subfield>
        </marc:datafield>
        <marc:datafield tag="338" ind1=" " ind2=" ">
            <marc:subfield code="a">online resource</marc:subfield>
            <marc:subfield code="b">cr</marc:subfield>
            <marc:subfield code="2">rdacarrier</marc:subfield>
        </marc:datafield>
        <marc:datafield tag="500" ind1=" " ind2=" ">
            <marc:subfield code="a">&quot;Webmaster, Susan Cook; Writer, David G. Gordon&quot;--Credits page</marc:subfield>
        </marc:datafield>
        <marc:datafield tag="500" ind1=" " ind2=" ">
            <marc:subfield code="a">Includes a link to the online version of the Washington Sea Grant Program Publications Database.</marc:subfield>
        </marc:datafield>
        <marc:datafield tag="588" ind1="0" ind2=" ">
            <marc:subfield code="a">Online resource; title from web page (viewed August 14, 1998).</marc:subfield>
        </marc:datafield>
        <marc:datafield tag="610" ind1="2" ind2="0">
            <marc:subfield code="a">Washington Sea Grant Program.</marc:subfield>
        </marc:datafield>
        <marc:datafield tag="650" ind1=" " ind2="0">
            <marc:subfield code="a">Marine resources</marc:subfield>
            <marc:subfield code="x">Research</marc:subfield>
            <marc:subfield code="z">Washington (State)</marc:subfield>
        </marc:datafield>
        <marc:datafield tag="650" ind1=" " ind2="0">
            <marc:subfield code="a">Marine resources</marc:subfield>
            <marc:subfield code="x">Computer network resources.</marc:subfield>
        </marc:datafield>
        <marc:datafield tag="650" ind1=" " ind2="0">
            <marc:subfield code="a">Fisheries</marc:subfield>
            <marc:subfield code="x">Research</marc:subfield>
            <marc:subfield code="z">Washington (State)</marc:subfield>
        </marc:datafield>
        <marc:datafield tag="650" ind1=" " ind2="0">
            <marc:subfield code="a">Fisheries</marc:subfield>
            <marc:subfield code="x">Computer network resources.</marc:subfield>
        </marc:datafield>
        <marc:datafield tag="650" ind1=" " ind2="0">
            <marc:subfield code="a">Aquaculture</marc:subfield>
            <marc:subfield code="x">Research</marc:subfield>
            <marc:subfield code="z">Washington (State)</marc:subfield>
        </marc:datafield>
        <marc:datafield tag="650" ind1=" " ind2="0">
            <marc:subfield code="a">Aquaculture</marc:subfield>
            <marc:subfield code="x">Computer network resources.</marc:subfield>
        </marc:datafield>
        <marc:datafield tag="650" ind1=" " ind2="0">
            <marc:subfield code="a">Estuaries</marc:subfield>
            <marc:subfield code="x">Research</marc:subfield>
            <marc:subfield code="z">Washington (State)</marc:subfield>
        </marc:datafield>
        <marc:datafield tag="650" ind1=" " ind2="0">
            <marc:subfield code="a">Estuaries</marc:subfield>
            <marc:subfield code="x">Computer network resources.</marc:subfield>
        </marc:datafield>
        <marc:datafield tag="650" ind1=" " ind2="6">
            <marc:subfield code="a">Ressources marines</marc:subfield>
            <marc:subfield code="0">(CaQQLa)201-0009124</marc:subfield>
            <marc:subfield code="x">Recherche</marc:subfield>
            <marc:subfield code="0">(CaQQLa)201-0379425</marc:subfield>
            <marc:subfield code="z">Washington (État)</marc:subfield>
            <marc:subfield code="0">(CaQQLa)201-0395184</marc:subfield>
        </marc:datafield>
        <marc:datafield tag="650" ind1=" " ind2="6">
            <marc:subfield code="a">Pêches</marc:subfield>
            <marc:subfield code="0">(CaQQLa)201-0027216</marc:subfield>
            <marc:subfield code="x">Recherche</marc:subfield>
            <marc:subfield code="0">(CaQQLa)201-0027216</marc:subfield>
            <marc:subfield code="z">Washington (État)</marc:subfield>
            <marc:subfield code="0">(CaQQLa)201-0395184</marc:subfield>
        </marc:datafield>
        <marc:datafield tag="650" ind1=" " ind2="6">
            <marc:subfield code="a">Aquaculture</marc:subfield>
            <marc:subfield code="0">(CaQQLa)201-0001992</marc:subfield>
            <marc:subfield code="x">Recherche</marc:subfield>
            <marc:subfield code="0">(CaQQLa)201-0379425</marc:subfield>
            <marc:subfield code="z">Washington (État)</marc:subfield>
            <marc:subfield code="0">(CaQQLa)201-0395184</marc:subfield>
        </marc:datafield>
        <marc:datafield tag="650" ind1=" " ind2="6">
            <marc:subfield code="a">Estuaires</marc:subfield>
            <marc:subfield code="0">(CaQQLa)201-0136661</marc:subfield>
            <marc:subfield code="x">Recherche</marc:subfield>
            <marc:subfield code="0">(CaQQLa)201-0136661</marc:subfield>
            <marc:subfield code="z">Washington (État)</marc:subfield>
            <marc:subfield code="0">(CaQQLa)201-0395184</marc:subfield>
        </marc:datafield>
        <marc:datafield tag="610" ind1="2" ind2="7">
            <marc:subfield code="a">Washington Sea Grant Program</marc:subfield>
            <marc:subfield code="2">fast</marc:subfield>
            <marc:subfield code="1">https://id.oclc.org/worldcat/entity/E39QQPVp7WMgyD6mqvcyJdfhTR</marc:subfield>
            <marc:subfield code="0">(OCoLC)fst00515832</marc:subfield>
        </marc:datafield>
        <marc:datafield tag="650" ind1=" " ind2="7">
            <marc:subfield code="a">Aquaculture</marc:subfield>
            <marc:subfield code="x">Research</marc:subfield>
            <marc:subfield code="2">fast</marc:subfield>
            <marc:subfield code="0">(OCoLC)fst00811890</marc:subfield>
        </marc:datafield>
        <marc:datafield tag="650" ind1=" " ind2="7">
            <marc:subfield code="a">Estuaries</marc:subfield>
            <marc:subfield code="x">Research</marc:subfield>
            <marc:subfield code="2">fast</marc:subfield>
            <marc:subfield code="0">(OCoLC)fst00915667</marc:subfield>
        </marc:datafield>
        <marc:datafield tag="650" ind1=" " ind2="7">
            <marc:subfield code="a">Fisheries</marc:subfield>
            <marc:subfield code="x">Computer network resources</marc:subfield>
            <marc:subfield code="2">fast</marc:subfield>
            <marc:subfield code="0">(OCoLC)fst00926062</marc:subfield>
        </marc:datafield>
        <marc:datafield tag="650" ind1=" " ind2="7">
            <marc:subfield code="a">Fisheries</marc:subfield>
            <marc:subfield code="x">Research</marc:subfield>
            <marc:subfield code="2">fast</marc:subfield>
            <marc:subfield code="0">(OCoLC)fst00926125</marc:subfield>
        </marc:datafield>
        <marc:datafield tag="650" ind1=" " ind2="7">
            <marc:subfield code="a">Marine resources</marc:subfield>
            <marc:subfield code="x">Research</marc:subfield>
            <marc:subfield code="2">fast</marc:subfield>
            <marc:subfield code="0">(OCoLC)fst01009900</marc:subfield>
        </marc:datafield>
        <marc:datafield tag="651" ind1=" " ind2="7">
            <marc:subfield code="a">Washington (State)</marc:subfield>
            <marc:subfield code="2">fast</marc:subfield>
            <marc:subfield code="1">https://id.oclc.org/worldcat/entity/E39PBJpymmTY6j9pxXGMd79FKd</marc:subfield>
            <marc:subfield code="0">(OCoLC)fst01204703</marc:subfield>
        </marc:datafield>
        <marc:datafield tag="700" ind1="1" ind2=" ">
            <marc:subfield code="a">Cook, Susan.</marc:subfield>
        </marc:datafield>
        <marc:datafield tag="700" ind1="1" ind2=" ">
            <marc:subfield code="a">Gordon, David G.</marc:subfield>
            <marc:subfield code="q">(David George),</marc:subfield>
            <marc:subfield code="d">1950-</marc:subfield>
            <marc:subfield code="1">https://id.oclc.org/worldcat/entity/E39PCjymVbjHvFGg38TyFYH7gX</marc:subfield>
        </marc:datafield>
        <marc:datafield tag="710" ind1="2" ind2=" ">
            <marc:subfield code="a">Washington Sea Grant Program.</marc:subfield>
            <marc:subfield code="b">Office of Marine Environment and Resources Programs.</marc:subfield>
        </marc:datafield>
        <marc:datafield tag="758" ind1=" " ind2=" ">
            <marc:subfield code="i">has work:</marc:subfield>
            <marc:subfield code="a">University of Washington Sea Grant (Text)</marc:subfield>
            <marc:subfield code="1">https://id.oclc.org/worldcat/entity/E39PCFRBVPD6xTTg6wbKJYtYRq</marc:subfield>
            <marc:subfield code="4">https://id.oclc.org/worldcat/ontology/hasWork</marc:subfield>
        </marc:datafield>
        <marc:datafield tag="856" ind1="4" ind2="0">
            <marc:subfield code="u">https://wsg.washington.edu/</marc:subfield>
        </marc:datafield>
        <marc:datafield tag="856" ind1="4" ind2=" ">
            <marc:subfield code="z">Electronic address (http://www.wsg.washington.edu/index.html) not available when searched on 3/25/2022</marc:subfield>
        </marc:datafield>
    </marc:record>