
    <marc:record>
        <marc:leader>07882cam a22005894a 4500</marc:leader>
        <marc:controlfield tag="001">42960668</marc:controlfield>
        <marc:controlfield tag="005">20241107210631.0</marc:controlfield>
        <marc:controlfield tag="008">991203s1999    enkab    b    101 0 eng  </marc:controlfield>
        <marc:datafield tag="010" ind1=" " ind2=" ">
            <marc:subfield code="a">   99088749 </marc:subfield>
        </marc:datafield>
        <marc:datafield tag="040" ind1=" " ind2=" ">
            <marc:subfield code="a">DLC</marc:subfield>
            <marc:subfield code="b">eng</marc:subfield>
            <marc:subfield code="c">DLC</marc:subfield>
            <marc:subfield code="d">C#P</marc:subfield>
            <marc:subfield code="d">UKM</marc:subfield>
            <marc:subfield code="d">CUS</marc:subfield>
            <marc:subfield code="d">TXA</marc:subfield>
            <marc:subfield code="d">AGL</marc:subfield>
            <marc:subfield code="d">OCLCQ</marc:subfield>
            <marc:subfield code="d">BAKER</marc:subfield>
            <marc:subfield code="d">BTCTA</marc:subfield>
            <marc:subfield code="d">YDXCP</marc:subfield>
            <marc:subfield code="d">OLA</marc:subfield>
            <marc:subfield code="d">TULIB</marc:subfield>
            <marc:subfield code="d">OCLCF</marc:subfield>
            <marc:subfield code="d">OCLCQ</marc:subfield>
            <marc:subfield code="d">OCLCO</marc:subfield>
            <marc:subfield code="d">OCL</marc:subfield>
            <marc:subfield code="d">OCLCO</marc:subfield>
            <marc:subfield code="d">OCLCQ</marc:subfield>
            <marc:subfield code="d">NZ1</marc:subfield>
            <marc:subfield code="d">OCLCQ</marc:subfield>
            <marc:subfield code="d">AAA</marc:subfield>
            <marc:subfield code="d">OCLCO</marc:subfield>
            <marc:subfield code="d">OCLCL</marc:subfield>
            <marc:subfield code="d">IG#</marc:subfield>
        </marc:datafield>
        <marc:datafield tag="015" ind1=" " ind2=" ">
            <marc:subfield code="a">GB99Y7464</marc:subfield>
            <marc:subfield code="2">bnb</marc:subfield>
        </marc:datafield>
        <marc:datafield tag="015" ind1=" " ind2=" ">
            <marc:subfield code="a">GBA037445</marc:subfield>
            <marc:subfield code="2">bnb</marc:subfield>
        </marc:datafield>
        <marc:datafield tag="019" ind1=" " ind2=" ">
            <marc:subfield code="a">40926558</marc:subfield>
            <marc:subfield code="a">44184286</marc:subfield>
            <marc:subfield code="a">1191437907</marc:subfield>
        </marc:datafield>
        <marc:datafield tag="020" ind1=" " ind2=" ">
            <marc:subfield code="a">0852382464</marc:subfield>
        </marc:datafield>
        <marc:datafield tag="020" ind1=" " ind2=" ">
            <marc:subfield code="a">9780852382462</marc:subfield>
        </marc:datafield>
        <marc:datafield tag="042" ind1=" " ind2=" ">
            <marc:subfield code="a">pcc</marc:subfield>
        </marc:datafield>
        <marc:datafield tag="050" ind1="0" ind2="0">
            <marc:subfield code="a">SH3</marc:subfield>
            <marc:subfield code="b">.S76 1999</marc:subfield>
        </marc:datafield>
        <marc:datafield tag="070" ind1="0" ind2=" ">
            <marc:subfield code="a">SH3</marc:subfield>
            <marc:subfield code="b">.S76 1999</marc:subfield>
        </marc:datafield>
        <marc:datafield tag="072" ind1=" " ind2="0">
            <marc:subfield code="a">L300</marc:subfield>
        </marc:datafield>
        <marc:datafield tag="072" ind1=" " ind2="0">
            <marc:subfield code="a">M300</marc:subfield>
        </marc:datafield>
        <marc:datafield tag="082" ind1="0" ind2="0">
            <marc:subfield code="a">639.3/2</marc:subfield>
            <marc:subfield code="2">21</marc:subfield>
        </marc:datafield>
        <marc:datafield tag="049" ind1=" " ind2=" ">
            <marc:subfield code="a">WAUW</marc:subfield>
        </marc:datafield>
        <marc:datafield tag="245" ind1="0" ind2="0">
            <marc:subfield code="a">Stock enhancement and sea ranching /</marc:subfield>
            <marc:subfield code="c">edited by Bari R. Howell, Erlend Moksness, Terje Svåsand.</marc:subfield>
        </marc:datafield>
        <marc:datafield tag="260" ind1=" " ind2=" ">
            <marc:subfield code="a">Oxford ;</marc:subfield>
            <marc:subfield code="a">Malden, MA :</marc:subfield>
            <marc:subfield code="b">Fishing News Books,</marc:subfield>
            <marc:subfield code="c">1999.</marc:subfield>
        </marc:datafield>
        <marc:datafield tag="300" ind1=" " ind2=" ">
            <marc:subfield code="a">x, 606 pages :</marc:subfield>
            <marc:subfield code="b">illustrations, maps ;</marc:subfield>
            <marc:subfield code="c">25 cm</marc:subfield>
        </marc:datafield>
        <marc:datafield tag="336" ind1=" " ind2=" ">
            <marc:subfield code="a">text</marc:subfield>
            <marc:subfield code="b">txt</marc:subfield>
            <marc:subfield code="2">rdacontent</marc:subfield>
        </marc:datafield>
        <marc:datafield tag="337" ind1=" " ind2=" ">
            <marc:subfield code="a">unmediated</marc:subfield>
            <marc:subfield code="b">n</marc:subfield>
            <marc:subfield code="2">rdamedia</marc:subfield>
        </marc:datafield>
        <marc:datafield tag="338" ind1=" " ind2=" ">
            <marc:subfield code="a">volume</marc:subfield>
            <marc:subfield code="b">nc</marc:subfield>
            <marc:subfield code="2">rdacarrier</marc:subfield>
        </marc:datafield>
        <marc:datafield tag="504" ind1=" " ind2=" ">
            <marc:subfield code="a">Includes bibliographical references.</marc:subfield>
        </marc:datafield>
        <marc:datafield tag="505" ind1="0" ind2=" ">
            <marc:subfield code="a">Introduction: Can the Conditions for a Successful Enhancement or Sea Ranching be Defined? / Alain Laurec -- 1. Recruitment Limitation is the Theoretical Basis for Stock Enhancement in Marine Populations / Peter J. Doherty -- 2. A Model of Enhancement Potentials in Open Ecosystems / Jarl Giske and Anne Gro Vea Salvanes -- 3. Genetic Considerations in Enhancement and Ranching of Marine and Anadromous Species / Tom F. Cross -- 4. Genetic Diversity and the Norwegian Sea Ranching Programme: an Evaluation / K. E. Jorstad, O. Skaala and G. Naevdal -- 5. Rationale for an Experimental Approach to Stock Enhancement / Kenneth M. Leber -- 6. Marine Ranching: A Global Perspective / Devin M. Bartley -- 7. The Organization and Development of Sea Farming in Japan / Koji Imamura -- 8. Effectiveness of Japan's Stock Enhancement Programmes: Current Perspectives / Shuichi Kitada -- 9. How Can Stock Enhancement and Sea Ranching Help Sustain and Increase Coastal Fisheries? / I. Chiu Liao -- 10. Hatchery Programmes and Stock Management of Salmonid Populations in Japan / Masahide Kaeriyama -- 11. Distribution, Migration and Growth in the North Pacific Ocean of Sockeye Salmon (Oncorhynchus nerka) Produced from the Lacustrine Form / Kazuya Nagasawa and Soto-o Ito -- 12. Can Stocking Programmes Affect the Predator Stocks and Decrease the Survival of the Wild Atlantic Salmon Juveniles? / Harald Saegrov and Ove T. Skilbrei -- 13. Release Strategy for Japanese Flounder Fry in Stock Enhancement Programmes / Yoh Yamashita and Hideaki Yamada -- 14. Fish Quality and Stocking Effectiveness: Behavioural Approach / Katsumi Tsukamoto, Hiroshi Kuwada and Kazuo Uchida / [et al.] -- 15. The Use of Stock Enhancement to Improve the Catch Rates of Black Bream, Acanthopagrus butcheri (Munro) for Western Australian Recreational Fishers / R. C. Lenanton, S. G. Ayvazian and C. Dibden / [et al.] -- 16. Release, Recapture and Migration of Reared Atlantic Cod (Gadus morhua L.) on the Faroe Islands / Ingvard Fjallstein and Hjalti i Jakupsstovu -- 17. Fjord-ranching of Wild Cod in an Icelandic Fjord: Effects of Feeding on Nutritional Condition, Growth Rate and Behaviour / Bjorn Bjornsson -- 18. Enhancement Studies of Atlantic Cod (Gadus morhua L.) in an Exposed Coastal Area in Western Norway / Hakon Ottera, Tore S. Kristiansen and Terje Svasand / [et al.] -- 19. Enhancement Studies of Coastal Cod (Gadus morhua L.) in Nord-Trondelag, Norway / Tore S. Kristiansen -- 20. Sea Ranching of Atlantic cod (Gadus morhua L.): Effects of Release Strategy on Survival / Hakon Ottera, Tore S. Kristiansen and Terje Svasand / [et al.] -- 21. Migration, Growth and Survival in Stocked and Wild Cod (Gadus morhua L.) in the Vestfjord Region, North Norway / Stig Skreslet, Inge Albrigtsen and Alf Per Andersen / [et al.] -- 22. Movement Patterns and Growth of Wild Cod (Gadus morhua L.) and Hatchery-reared Cod Released as 1-Group / Frank Nostvik and Torstein Pedersen -- 23. Cormorants (Phalacrocorax carbo carbo) as Predators in a Cod (Gadus morhua L.) Enhancement Area in North Norway / Roger Johansen, Torstein Pedersen and Robert T. Barrett -- 24. Anti-predator Behaviour of Hatchery-reared and Wild Juvenile Atlantic Cod (Gadus morhua L.) and the Effect of Predator Training / Mariann Nodtvedt, Anders Ferno and Jacob Gjosoeter / [et al.] -- 25. Approaches to Reseeding Penaeid Prawns / P. C. Rothlisberg, N. P. Preston and N. R. Loneragan / [et al.] -- 26. Research and Development of Prawn Stock Enhancement in Taiwan / Mao-Sen Su and I. Chiu Liao -- 27. Preliminary Studies on Stocking Depleted Populations of the European Lobster, Homarus gammarus (L.) (Decapoda, Nephropsidae) onto the Natural Beachrock Outcrops in the Northern Adriatic Sea / Tiziano Scovacricchi -- 28. Stock Enhancement of European Lobster (Homarus gammarus): a Large-scale Experiment off South-western Norway / A.-L. Agnalt, G. I. van der Meeren and K. E. Jorstad / [et al.] -- 29. Scallop Sea Bed Culture in Europe / Jean-Claude Dao, Pierre-Gildas Fleury and Jean Barret -- 30. Restocking of Giant Clams: Progress, Problems and Potential / Johann D. Bell -- 31. The Potential for Abalone Ranching and Enhancement in South Africa / Peter Cook and Neville Sweijd -- 32. Predation by Octopus on Released Abalone / Noriyuki Okei -- 33. Potential of the Tropical Indo-Pacific Sea Cucumber, Holothuria scabra, for Stock Enhancement / Stephen C. Battaglene and Johann D. Bell -- 34. Management of Enhanced Stocks: Social, Economic and Access Issues / Abraham Hallenstvedt -- 35. Legal Issues Relating to Stock Enhancement and Marine Ranching / William Howarth and Cristina Leria -- 36. The Decision-making Process in Relation to the Enhancement of Catadromous Fish Stocks in Queensland, Australia / P. L. Cadwallader -- 37. Alaska Salmon Ranching: an Economic Review of the Alaska Salmon Hatchery Programme / Gunnar P. Knapp -- 38. Stocking Effectiveness of Japanese Flounder, Paralichthys olivaceus, Fingerlings Released on the South-western Coast of Hokkaido Prefecture, Japan / Kengo Ishino -- 39. Number of Returns and Economic Return Rates of Hatchery-released Flounder Paralichthys olivaceus in Mikayo Bay -- Evaluation by a Fish Market Census / Hiroyuki Okouchi, Shuichi Kitada and Tatsuo Tsuzaki / [et al.] -- 40. A Bio-economic Evaluation of a Stock Enhancement Project of European Lobster: The Simulation Model LOBST.ECO with some Preliminary Results / Jorgen Borthen, Ann-Lisbeth Agnalt and Gro I. van der Meeren.</marc:subfield>
        </marc:datafield>
        <marc:datafield tag="650" ind1=" " ind2="0">
            <marc:subfield code="a">Aquaculture</marc:subfield>
            <marc:subfield code="v">Congresses.</marc:subfield>
        </marc:datafield>
        <marc:datafield tag="650" ind1=" " ind2="0">
            <marc:subfield code="a">Animal populations</marc:subfield>
            <marc:subfield code="v">Congresses.</marc:subfield>
        </marc:datafield>
        <marc:datafield tag="650" ind1=" " ind2="6">
            <marc:subfield code="a">Aquaculture</marc:subfield>
            <marc:subfield code="0">(CaQQLa)201-0001992</marc:subfield>
            <marc:subfield code="v">Congrès.</marc:subfield>
            <marc:subfield code="0">(CaQQLa)201-0378219</marc:subfield>
        </marc:datafield>
        <marc:datafield tag="650" ind1=" " ind2="6">
            <marc:subfield code="a">Animaux</marc:subfield>
            <marc:subfield code="0">(CaQQLa)201-0008950</marc:subfield>
            <marc:subfield code="x">Populations</marc:subfield>
            <marc:subfield code="0">(CaQQLa)201-0008950</marc:subfield>
            <marc:subfield code="v">Congrès.</marc:subfield>
            <marc:subfield code="0">(CaQQLa)201-0378219</marc:subfield>
        </marc:datafield>
        <marc:datafield tag="650" ind1=" " ind2="7">
            <marc:subfield code="a">Animal populations.</marc:subfield>
            <marc:subfield code="2">fast</marc:subfield>
            <marc:subfield code="0">(OCoLC)fst00809325</marc:subfield>
        </marc:datafield>
        <marc:datafield tag="650" ind1=" " ind2="7">
            <marc:subfield code="a">Aquaculture.</marc:subfield>
            <marc:subfield code="2">fast</marc:subfield>
            <marc:subfield code="0">(OCoLC)fst00811864</marc:subfield>
        </marc:datafield>
        <marc:datafield tag="655" ind1=" " ind2="7">
            <marc:subfield code="a">Conference papers and proceedings.</marc:subfield>
            <marc:subfield code="2">fast</marc:subfield>
            <marc:subfield code="0">(OCoLC)fst01423772</marc:subfield>
        </marc:datafield>
        <marc:datafield tag="700" ind1="1" ind2=" ">
            <marc:subfield code="a">Howell, Bari.</marc:subfield>
        </marc:datafield>
        <marc:datafield tag="700" ind1="1" ind2=" ">
            <marc:subfield code="a">Moksness, Erlend.</marc:subfield>
        </marc:datafield>
        <marc:datafield tag="700" ind1="1" ind2=" ">
            <marc:subfield code="a">Svåsand, Terje.</marc:subfield>
        </marc:datafield>
        <marc:datafield tag="711" ind1="2" ind2=" ">
            <marc:subfield code="a">International Symposium on Stock Enhancement and Sea Ranching</marc:subfield>
            <marc:subfield code="n">(1st :</marc:subfield>
            <marc:subfield code="d">1997 :</marc:subfield>
            <marc:subfield code="c">Bergen, Norway)</marc:subfield>
        </marc:datafield>
        <marc:datafield tag="758" ind1=" " ind2=" ">
            <marc:subfield code="i">has work:</marc:subfield>
            <marc:subfield code="a">Stock enhancement and sea ranching (Text)</marc:subfield>
            <marc:subfield code="1">https://id.oclc.org/worldcat/entity/E39PCGwbP4RjRD7BXxyq8yFPYq</marc:subfield>
            <marc:subfield code="4">https://id.oclc.org/worldcat/ontology/hasWork</marc:subfield>
        </marc:datafield>
        <marc:datafield tag="938" ind1=" " ind2=" ">
            <marc:subfield code="a">Ingram Library Services</marc:subfield>
            <marc:subfield code="b">INGR</marc:subfield>
            <marc:subfield code="n">in009051612</marc:subfield>
        </marc:datafield>
        <marc:datafield tag="938" ind1=" " ind2=" ">
            <marc:subfield code="a">Baker &amp; Taylor</marc:subfield>
            <marc:subfield code="b">BKTY</marc:subfield>
            <marc:subfield code="c">189.99</marc:subfield>
            <marc:subfield code="d">189.99</marc:subfield>
            <marc:subfield code="i">0852382464</marc:subfield>
            <marc:subfield code="n">0003472069</marc:subfield>
            <marc:subfield code="s">active</marc:subfield>
        </marc:datafield>
        <marc:datafield tag="938" ind1=" " ind2=" ">
            <marc:subfield code="a">Baker and Taylor</marc:subfield>
            <marc:subfield code="b">BTCP</marc:subfield>
            <marc:subfield code="n">99088749</marc:subfield>
        </marc:datafield>
        <marc:datafield tag="938" ind1=" " ind2=" ">
            <marc:subfield code="a">YBP Library Services</marc:subfield>
            <marc:subfield code="b">YANK</marc:subfield>
            <marc:subfield code="n">100158010</marc:subfield>
        </marc:datafield>
        <marc:datafield tag="029" ind1="1" ind2=" ">
            <marc:subfield code="a">AU@</marc:subfield>
            <marc:subfield code="b">000014611668</marc:subfield>
        </marc:datafield>
        <marc:datafield tag="029" ind1="1" ind2=" ">
            <marc:subfield code="a">AU@</marc:subfield>
            <marc:subfield code="b">000021569098</marc:subfield>
        </marc:datafield>
        <marc:datafield tag="029" ind1="1" ind2=" ">
            <marc:subfield code="a">NLNZL</marc:subfield>
            <marc:subfield code="b">995572363502836</marc:subfield>
        </marc:datafield>
        <marc:datafield tag="029" ind1="1" ind2=" ">
            <marc:subfield code="a">NZ1</marc:subfield>
            <marc:subfield code="b">2525123</marc:subfield>
        </marc:datafield>
        <marc:datafield tag="029" ind1="1" ind2=" ">
            <marc:subfield code="a">NZ1</marc:subfield>
            <marc:subfield code="b">557236</marc:subfield>
        </marc:datafield>
        <marc:datafield tag="029" ind1="1" ind2=" ">
            <marc:subfield code="a">YDXCP</marc:subfield>
            <marc:subfield code="b">100158010</marc:subfield>
        </marc:datafield>
    </marc:record>