
    <marc:record>
        <marc:leader>03601cam a2200673 a 4500</marc:leader>
        <marc:controlfield tag="001">36796678</marc:controlfield>
        <marc:controlfield tag="005">20250227184536.6</marc:controlfield>
        <marc:controlfield tag="008">970422s1996    it            100 0 eng d</marc:controlfield>
        <marc:datafield tag="040" ind1=" " ind2=" ">
            <marc:subfield code="a">C3L</marc:subfield>
            <marc:subfield code="b">eng</marc:subfield>
            <marc:subfield code="c">C3L</marc:subfield>
            <marc:subfield code="d">DLM</marc:subfield>
            <marc:subfield code="d">AGL</marc:subfield>
            <marc:subfield code="d">OCL</marc:subfield>
            <marc:subfield code="d">OCLCQ</marc:subfield>
            <marc:subfield code="d">MUQ</marc:subfield>
            <marc:subfield code="d">OCLCQ</marc:subfield>
            <marc:subfield code="d">BAKER</marc:subfield>
            <marc:subfield code="d">NZAUC</marc:subfield>
            <marc:subfield code="d">OCLCQ</marc:subfield>
            <marc:subfield code="d">OCLCF</marc:subfield>
            <marc:subfield code="d">OCLCQ</marc:subfield>
            <marc:subfield code="d">OCLCO</marc:subfield>
            <marc:subfield code="d">OCL</marc:subfield>
            <marc:subfield code="d">OCLCO</marc:subfield>
            <marc:subfield code="d">OCLCQ</marc:subfield>
            <marc:subfield code="d">OCLCA</marc:subfield>
            <marc:subfield code="d">OCLCO</marc:subfield>
            <marc:subfield code="d">OCLCQ</marc:subfield>
            <marc:subfield code="d">OCL</marc:subfield>
            <marc:subfield code="d">OCLCO</marc:subfield>
            <marc:subfield code="d">OCLCQ</marc:subfield>
            <marc:subfield code="d">OCLCL</marc:subfield>
            <marc:subfield code="d">OCLCO</marc:subfield>
            <marc:subfield code="d">OCLCL</marc:subfield>
            <marc:subfield code="d">OCLCO</marc:subfield>
            <marc:subfield code="d">OCLCQ</marc:subfield>
            <marc:subfield code="d">OCLCO</marc:subfield>
        </marc:datafield>
        <marc:datafield tag="020" ind1=" " ind2=" ">
            <marc:subfield code="a">9251038635</marc:subfield>
            <marc:subfield code="q">(paperback)</marc:subfield>
        </marc:datafield>
        <marc:datafield tag="020" ind1=" " ind2=" ">
            <marc:subfield code="a">9789251038635</marc:subfield>
            <marc:subfield code="q">(paperback)</marc:subfield>
        </marc:datafield>
        <marc:datafield tag="041" ind1="0" ind2=" ">
            <marc:subfield code="a">eng</marc:subfield>
            <marc:subfield code="a">eng</marc:subfield>
        </marc:datafield>
        <marc:datafield tag="043" ind1=" " ind2=" ">
            <marc:subfield code="a">e------</marc:subfield>
        </marc:datafield>
        <marc:datafield tag="045" ind1=" " ind2=" ">
            <marc:subfield code="a">x4x-</marc:subfield>
        </marc:datafield>
        <marc:datafield tag="050" ind1=" " ind2="4">
            <marc:subfield code="a">SH331</marc:subfield>
            <marc:subfield code="b">.F2  no.541</marc:subfield>
        </marc:datafield>
        <marc:datafield tag="070" ind1="0" ind2=" ">
            <marc:subfield code="a">SH323.F6</marc:subfield>
            <marc:subfield code="b">no.541</marc:subfield>
        </marc:datafield>
        <marc:datafield tag="072" ind1=" " ind2="0">
            <marc:subfield code="a">M120</marc:subfield>
        </marc:datafield>
        <marc:datafield tag="082" ind1="0" ind2="4">
            <marc:subfield code="a">639.2</marc:subfield>
            <marc:subfield code="2">20</marc:subfield>
        </marc:datafield>
        <marc:datafield tag="049" ind1=" " ind2=" ">
            <marc:subfield code="a">WAUW</marc:subfield>
        </marc:datafield>
        <marc:datafield tag="110" ind1="2" ind2=" ">
            <marc:subfield code="a">European Inland Fisheries Advisory Commission.</marc:subfield>
            <marc:subfield code="1">https://id.oclc.org/worldcat/entity/E39QQPVp7Tx9jTdDyjH6bdGdGR</marc:subfield>
        </marc:datafield>
        <marc:datafield tag="245" ind1="1" ind2="0">
            <marc:subfield code="a">Report of the Nineteenth session of the European Inland Fisheries Advisory Commission :</marc:subfield>
            <marc:subfield code="b">Dublin, Ireland, 11-19 June 1996.</marc:subfield>
        </marc:datafield>
        <marc:datafield tag="260" ind1=" " ind2=" ">
            <marc:subfield code="a">Rome :</marc:subfield>
            <marc:subfield code="b">FAO,</marc:subfield>
            <marc:subfield code="c">1996.</marc:subfield>
        </marc:datafield>
        <marc:datafield tag="300" ind1=" " ind2=" ">
            <marc:subfield code="a">xii, 62 pages ;</marc:subfield>
            <marc:subfield code="c">30 cm</marc:subfield>
        </marc:datafield>
        <marc:datafield tag="336" ind1=" " ind2=" ">
            <marc:subfield code="a">text</marc:subfield>
            <marc:subfield code="b">txt</marc:subfield>
            <marc:subfield code="2">rdacontent</marc:subfield>
        </marc:datafield>
        <marc:datafield tag="337" ind1=" " ind2=" ">
            <marc:subfield code="a">unmediated</marc:subfield>
            <marc:subfield code="b">n</marc:subfield>
            <marc:subfield code="2">rdamedia</marc:subfield>
        </marc:datafield>
        <marc:datafield tag="338" ind1=" " ind2=" ">
            <marc:subfield code="a">volume</marc:subfield>
            <marc:subfield code="b">nc</marc:subfield>
            <marc:subfield code="2">rdacarrier</marc:subfield>
        </marc:datafield>
        <marc:datafield tag="490" ind1="1" ind2=" ">
            <marc:subfield code="a">FAO fisheries reports ;</marc:subfield>
            <marc:subfield code="v">no. 541</marc:subfield>
        </marc:datafield>
        <marc:datafield tag="500" ind1=" " ind2=" ">
            <marc:subfield code="a">Proceedings.</marc:subfield>
        </marc:datafield>
        <marc:datafield tag="500" ind1=" " ind2=" ">
            <marc:subfield code="a">At head of title: FIPL/ R541 (En).</marc:subfield>
        </marc:datafield>
        <marc:datafield tag="650" ind1=" " ind2="0">
            <marc:subfield code="a">Fisheries</marc:subfield>
            <marc:subfield code="z">Europe</marc:subfield>
            <marc:subfield code="v">Congresses.</marc:subfield>
        </marc:datafield>
        <marc:datafield tag="650" ind1=" " ind2="0">
            <marc:subfield code="a">Aquaculture</marc:subfield>
            <marc:subfield code="z">Europe</marc:subfield>
            <marc:subfield code="v">Congresses.</marc:subfield>
        </marc:datafield>
        <marc:datafield tag="650" ind1=" " ind2="0">
            <marc:subfield code="a">Fishery resources</marc:subfield>
            <marc:subfield code="z">Europe</marc:subfield>
            <marc:subfield code="v">Congresses.</marc:subfield>
        </marc:datafield>
        <marc:datafield tag="650" ind1=" " ind2="0">
            <marc:subfield code="a">Fishery management</marc:subfield>
            <marc:subfield code="z">Europe</marc:subfield>
            <marc:subfield code="v">Congresses.</marc:subfield>
        </marc:datafield>
        <marc:datafield tag="650" ind1=" " ind2="0">
            <marc:subfield code="a">Fish culture</marc:subfield>
            <marc:subfield code="z">Europe</marc:subfield>
            <marc:subfield code="v">Congresses.</marc:subfield>
        </marc:datafield>
        <marc:datafield tag="650" ind1=" " ind2="0">
            <marc:subfield code="a">Fishery resources</marc:subfield>
            <marc:subfield code="z">Europe</marc:subfield>
            <marc:subfield code="x">Congresses.</marc:subfield>
        </marc:datafield>
        <marc:datafield tag="650" ind1=" " ind2="0">
            <marc:subfield code="a">Fish culture</marc:subfield>
            <marc:subfield code="z">Europe</marc:subfield>
            <marc:subfield code="x">Congresses.</marc:subfield>
        </marc:datafield>
        <marc:datafield tag="650" ind1=" " ind2="6">
            <marc:subfield code="a">Ressources halieutiques</marc:subfield>
            <marc:subfield code="0">(CaQQLa)201-0062830</marc:subfield>
            <marc:subfield code="z">Europe</marc:subfield>
            <marc:subfield code="0">(CaQQLa)201-0421387</marc:subfield>
            <marc:subfield code="x">Congrès.</marc:subfield>
            <marc:subfield code="0">(CaQQLa)201-0378208</marc:subfield>
        </marc:datafield>
        <marc:datafield tag="650" ind1=" " ind2="6">
            <marc:subfield code="a">Pêches</marc:subfield>
            <marc:subfield code="0">(CaQQLa)201-0046966</marc:subfield>
            <marc:subfield code="x">Gestion</marc:subfield>
            <marc:subfield code="0">(CaQQLa)201-0046966</marc:subfield>
            <marc:subfield code="z">Europe</marc:subfield>
            <marc:subfield code="0">(CaQQLa)201-0421387</marc:subfield>
            <marc:subfield code="v">Congrès.</marc:subfield>
            <marc:subfield code="0">(CaQQLa)201-0378219</marc:subfield>
        </marc:datafield>
        <marc:datafield tag="650" ind1=" " ind2="6">
            <marc:subfield code="a">Pisciculture</marc:subfield>
            <marc:subfield code="0">(CaQQLa)201-0032618</marc:subfield>
            <marc:subfield code="z">Europe</marc:subfield>
            <marc:subfield code="0">(CaQQLa)201-0421387</marc:subfield>
            <marc:subfield code="x">Congrès.</marc:subfield>
            <marc:subfield code="0">(CaQQLa)201-0378208</marc:subfield>
        </marc:datafield>
        <marc:datafield tag="650" ind1=" " ind2="6">
            <marc:subfield code="a">Pêches</marc:subfield>
            <marc:subfield code="0">(CaQQLa)201-0011340</marc:subfield>
            <marc:subfield code="z">Europe</marc:subfield>
            <marc:subfield code="0">(CaQQLa)201-0421387</marc:subfield>
            <marc:subfield code="v">Congrès.</marc:subfield>
            <marc:subfield code="0">(CaQQLa)201-0378219</marc:subfield>
        </marc:datafield>
        <marc:datafield tag="650" ind1=" " ind2="6">
            <marc:subfield code="a">Aquaculture</marc:subfield>
            <marc:subfield code="0">(CaQQLa)201-0001992</marc:subfield>
            <marc:subfield code="z">Europe</marc:subfield>
            <marc:subfield code="0">(CaQQLa)201-0421387</marc:subfield>
            <marc:subfield code="v">Congrès.</marc:subfield>
            <marc:subfield code="0">(CaQQLa)201-0378219</marc:subfield>
        </marc:datafield>
        <marc:datafield tag="650" ind1=" " ind2="6">
            <marc:subfield code="a">Ressources halieutiques</marc:subfield>
            <marc:subfield code="0">(CaQQLa)201-0062830</marc:subfield>
            <marc:subfield code="z">Europe</marc:subfield>
            <marc:subfield code="0">(CaQQLa)201-0421387</marc:subfield>
            <marc:subfield code="v">Congrès.</marc:subfield>
            <marc:subfield code="0">(CaQQLa)201-0378219</marc:subfield>
        </marc:datafield>
        <marc:datafield tag="650" ind1=" " ind2="6">
            <marc:subfield code="a">Pisciculture</marc:subfield>
            <marc:subfield code="0">(CaQQLa)201-0032618</marc:subfield>
            <marc:subfield code="z">Europe</marc:subfield>
            <marc:subfield code="0">(CaQQLa)201-0421387</marc:subfield>
            <marc:subfield code="v">Congrès.</marc:subfield>
            <marc:subfield code="0">(CaQQLa)201-0378219</marc:subfield>
        </marc:datafield>
        <marc:datafield tag="650" ind1=" " ind2="7">
            <marc:subfield code="a">Fishery resources</marc:subfield>
            <marc:subfield code="2">fast</marc:subfield>
            <marc:subfield code="0">(OCoLC)fst00926335</marc:subfield>
        </marc:datafield>
        <marc:datafield tag="650" ind1=" " ind2="7">
            <marc:subfield code="a">Fishery management</marc:subfield>
            <marc:subfield code="2">fast</marc:subfield>
            <marc:subfield code="0">(OCoLC)fst00926228</marc:subfield>
        </marc:datafield>
        <marc:datafield tag="650" ind1=" " ind2="7">
            <marc:subfield code="a">Fish culture</marc:subfield>
            <marc:subfield code="2">fast</marc:subfield>
            <marc:subfield code="0">(OCoLC)fst00926017</marc:subfield>
        </marc:datafield>
        <marc:datafield tag="650" ind1=" " ind2="7">
            <marc:subfield code="a">Aquaculture</marc:subfield>
            <marc:subfield code="2">fast</marc:subfield>
            <marc:subfield code="0">(OCoLC)fst00811864</marc:subfield>
        </marc:datafield>
        <marc:datafield tag="650" ind1=" " ind2="7">
            <marc:subfield code="a">Fisheries</marc:subfield>
            <marc:subfield code="2">fast</marc:subfield>
            <marc:subfield code="0">(OCoLC)fst00926051</marc:subfield>
        </marc:datafield>
        <marc:datafield tag="651" ind1=" " ind2="7">
            <marc:subfield code="a">Europe</marc:subfield>
            <marc:subfield code="2">fast</marc:subfield>
            <marc:subfield code="1">https://id.oclc.org/worldcat/entity/E39PBJxCxPbbk4CPJDQJb4r6rq</marc:subfield>
            <marc:subfield code="0">(OCoLC)fst01245064</marc:subfield>
        </marc:datafield>
        <marc:datafield tag="655" ind1=" " ind2="7">
            <marc:subfield code="a">Conference papers and proceedings</marc:subfield>
            <marc:subfield code="2">fast</marc:subfield>
            <marc:subfield code="0">(OCoLC)fst01423772</marc:subfield>
        </marc:datafield>
        <marc:datafield tag="710" ind1="2" ind2=" ">
            <marc:subfield code="a">Food and Agriculture Organization of the United Nations.</marc:subfield>
            <marc:subfield code="1">https://id.oclc.org/worldcat/entity/E39QQPVp7WDDfWctpwhCw6FB7R</marc:subfield>
        </marc:datafield>
        <marc:datafield tag="710" ind1="2" ind2=" ">
            <marc:subfield code="a">European Inland Fisheries Advisory Commission</marc:subfield>
            <marc:subfield code="n">(19th :</marc:subfield>
            <marc:subfield code="d">1996 :</marc:subfield>
            <marc:subfield code="c">Dublin, Ireland).</marc:subfield>
            <marc:subfield code="t">Session.</marc:subfield>
        </marc:datafield>
        <marc:datafield tag="776" ind1="0" ind2="8">
            <marc:subfield code="i">Online version:</marc:subfield>
            <marc:subfield code="a">European Inland Fisheries Advisory Commission.</marc:subfield>
            <marc:subfield code="t">Report of the Nineteenth session of the European Inland Fisheries Advisory Commission.</marc:subfield>
            <marc:subfield code="d">Rome : FAO, 1996</marc:subfield>
            <marc:subfield code="w">(OCoLC)908125138</marc:subfield>
        </marc:datafield>
        <marc:datafield tag="830" ind1=" " ind2="0">
            <marc:subfield code="a">FAO fisheries report ;</marc:subfield>
            <marc:subfield code="v">no. 541.</marc:subfield>
        </marc:datafield>
        <marc:datafield tag="938" ind1=" " ind2=" ">
            <marc:subfield code="a">Baker &amp; Taylor</marc:subfield>
            <marc:subfield code="b">BKTY</marc:subfield>
            <marc:subfield code="c">10.00</marc:subfield>
            <marc:subfield code="d">10.00</marc:subfield>
            <marc:subfield code="i">9251038635</marc:subfield>
            <marc:subfield code="n">0002969329</marc:subfield>
            <marc:subfield code="s">active</marc:subfield>
        </marc:datafield>
        <marc:datafield tag="938" ind1=" " ind2=" ">
            <marc:subfield code="a">Casalini Libri</marc:subfield>
            <marc:subfield code="b">CASA</marc:subfield>
            <marc:subfield code="n">97151874</marc:subfield>
            <marc:subfield code="c">L16800</marc:subfield>
        </marc:datafield>
        <marc:datafield tag="029" ind1="0" ind2=" ">
            <marc:subfield code="a">C3L</marc:subfield>
            <marc:subfield code="b">97151874</marc:subfield>
        </marc:datafield>
        <marc:datafield tag="029" ind1="1" ind2=" ">
            <marc:subfield code="a">AU@</marc:subfield>
            <marc:subfield code="b">000013340597</marc:subfield>
        </marc:datafield>
        <marc:datafield tag="029" ind1="1" ind2=" ">
            <marc:subfield code="a">NZ1</marc:subfield>
            <marc:subfield code="b">4883919</marc:subfield>
        </marc:datafield>
    </marc:record>