
    <marc:record>
        <marc:leader>01704cam a2200421 a 4500</marc:leader>
        <marc:controlfield tag="001">35298727</marc:controlfield>
        <marc:controlfield tag="005">20240127100239.6</marc:controlfield>
        <marc:controlfield tag="008">960802s1997    ilua     b    001 0 eng  </marc:controlfield>
        <marc:datafield tag="010" ind1=" " ind2=" ">
            <marc:subfield code="a">   96075864 </marc:subfield>
        </marc:datafield>
        <marc:datafield tag="040" ind1=" " ind2=" ">
            <marc:subfield code="a">DLC</marc:subfield>
            <marc:subfield code="b">eng</marc:subfield>
            <marc:subfield code="c">DLC</marc:subfield>
            <marc:subfield code="d">IHI</marc:subfield>
            <marc:subfield code="d">BTCTA</marc:subfield>
            <marc:subfield code="d">YDXCP</marc:subfield>
            <marc:subfield code="d">OCLCO</marc:subfield>
            <marc:subfield code="d">OCLCF</marc:subfield>
            <marc:subfield code="d">OCLCQ</marc:subfield>
            <marc:subfield code="d">FQR</marc:subfield>
            <marc:subfield code="d">OCLCO</marc:subfield>
            <marc:subfield code="d">OCL</marc:subfield>
            <marc:subfield code="d">OCLCO</marc:subfield>
            <marc:subfield code="d">OCLCL</marc:subfield>
        </marc:datafield>
        <marc:datafield tag="019" ind1=" " ind2=" ">
            <marc:subfield code="a">35091105</marc:subfield>
        </marc:datafield>
        <marc:datafield tag="020" ind1=" " ind2=" ">
            <marc:subfield code="a">0813430844</marc:subfield>
        </marc:datafield>
        <marc:datafield tag="020" ind1=" " ind2=" ">
            <marc:subfield code="a">9780813430843</marc:subfield>
        </marc:datafield>
        <marc:datafield tag="050" ind1="0" ind2="4">
            <marc:subfield code="a">SH135</marc:subfield>
            <marc:subfield code="b">.L44 1997</marc:subfield>
        </marc:datafield>
        <marc:datafield tag="082" ind1="0" ind2="0">
            <marc:subfield code="a">639/.8</marc:subfield>
            <marc:subfield code="2">20</marc:subfield>
        </marc:datafield>
        <marc:datafield tag="049" ind1=" " ind2=" ">
            <marc:subfield code="a">WAUW</marc:subfield>
        </marc:datafield>
        <marc:datafield tag="100" ind1="1" ind2=" ">
            <marc:subfield code="a">Lee, Jasper S.</marc:subfield>
        </marc:datafield>
        <marc:datafield tag="245" ind1="1" ind2="0">
            <marc:subfield code="a">Aquaculture :</marc:subfield>
            <marc:subfield code="b">an introduction /</marc:subfield>
            <marc:subfield code="c">Jasper S. Lee, Michael E. Newman.</marc:subfield>
        </marc:datafield>
        <marc:datafield tag="250" ind1=" " ind2=" ">
            <marc:subfield code="a">2nd ed.</marc:subfield>
        </marc:datafield>
        <marc:datafield tag="260" ind1=" " ind2=" ">
            <marc:subfield code="a">Danville, Ill. :</marc:subfield>
            <marc:subfield code="b">Interstate Publishers,</marc:subfield>
            <marc:subfield code="c">©1997.</marc:subfield>
        </marc:datafield>
        <marc:datafield tag="300" ind1=" " ind2=" ">
            <marc:subfield code="a">viii, 518 pages :</marc:subfield>
            <marc:subfield code="b">illustrations (some color) ;</marc:subfield>
            <marc:subfield code="c">27 cm</marc:subfield>
        </marc:datafield>
        <marc:datafield tag="336" ind1=" " ind2=" ">
            <marc:subfield code="a">text</marc:subfield>
            <marc:subfield code="b">txt</marc:subfield>
            <marc:subfield code="2">rdacontent</marc:subfield>
        </marc:datafield>
        <marc:datafield tag="337" ind1=" " ind2=" ">
            <marc:subfield code="a">unmediated</marc:subfield>
            <marc:subfield code="b">n</marc:subfield>
            <marc:subfield code="2">rdamedia</marc:subfield>
        </marc:datafield>
        <marc:datafield tag="338" ind1=" " ind2=" ">
            <marc:subfield code="a">volume</marc:subfield>
            <marc:subfield code="b">nc</marc:subfield>
            <marc:subfield code="2">rdacarrier</marc:subfield>
        </marc:datafield>
        <marc:datafield tag="490" ind1="1" ind2=" ">
            <marc:subfield code="a">AgriScience and technology series</marc:subfield>
        </marc:datafield>
        <marc:datafield tag="504" ind1=" " ind2=" ">
            <marc:subfield code="a">Includes bibliographical references (pages 509-512) and index.</marc:subfield>
        </marc:datafield>
        <marc:datafield tag="505" ind1="0" ind2=" ">
            <marc:subfield code="a">Aquaculture today -- Aquaculture science -- Aquaculture business -- Aquaculture production -- Aquaculture and people.</marc:subfield>
        </marc:datafield>
        <marc:datafield tag="650" ind1=" " ind2="0">
            <marc:subfield code="a">Aquaculture.</marc:subfield>
        </marc:datafield>
        <marc:datafield tag="650" ind1=" " ind2="0">
            <marc:subfield code="a">Aquacultural engineering.</marc:subfield>
        </marc:datafield>
        <marc:datafield tag="650" ind1=" " ind2="6">
            <marc:subfield code="a">Aquaculture.</marc:subfield>
            <marc:subfield code="0">(CaQQLa)201-0001992</marc:subfield>
        </marc:datafield>
        <marc:datafield tag="650" ind1=" " ind2="7">
            <marc:subfield code="a">Aquacultural engineering</marc:subfield>
            <marc:subfield code="2">fast</marc:subfield>
            <marc:subfield code="0">(OCoLC)fst00811863</marc:subfield>
        </marc:datafield>
        <marc:datafield tag="650" ind1=" " ind2="7">
            <marc:subfield code="a">Aquaculture</marc:subfield>
            <marc:subfield code="2">fast</marc:subfield>
            <marc:subfield code="0">(OCoLC)fst00811864</marc:subfield>
        </marc:datafield>
        <marc:datafield tag="700" ind1="1" ind2=" ">
            <marc:subfield code="a">Newman, Michael E.</marc:subfield>
        </marc:datafield>
        <marc:datafield tag="758" ind1=" " ind2=" ">
            <marc:subfield code="i">has work:</marc:subfield>
            <marc:subfield code="a">Aquaculture (Text)</marc:subfield>
            <marc:subfield code="1">https://id.oclc.org/worldcat/entity/E39PCXqWyDBpfpgcxMYfd4DpKb</marc:subfield>
            <marc:subfield code="4">https://id.oclc.org/worldcat/ontology/hasWork</marc:subfield>
        </marc:datafield>
        <marc:datafield tag="830" ind1=" " ind2="0">
            <marc:subfield code="a">AgriScience and technology series.</marc:subfield>
        </marc:datafield>
        <marc:datafield tag="938" ind1=" " ind2=" ">
            <marc:subfield code="a">Baker and Taylor</marc:subfield>
            <marc:subfield code="b">BTCP</marc:subfield>
            <marc:subfield code="n">96075864 //r98</marc:subfield>
        </marc:datafield>
        <marc:datafield tag="938" ind1=" " ind2=" ">
            <marc:subfield code="a">YBP Library Services</marc:subfield>
            <marc:subfield code="b">YANK</marc:subfield>
            <marc:subfield code="n">1341012</marc:subfield>
        </marc:datafield>
        <marc:datafield tag="029" ind1="1" ind2=" ">
            <marc:subfield code="a">AU@</marc:subfield>
            <marc:subfield code="b">000012701783</marc:subfield>
        </marc:datafield>
    </marc:record>