
    <marc:record>
        <marc:leader>02161cam a2200445 a 4500</marc:leader>
        <marc:controlfield tag="001">71802830</marc:controlfield>
        <marc:controlfield tag="005">20241211231932.2</marc:controlfield>
        <marc:controlfield tag="008">060929s2004    dcu     ab   f000 0 eng d</marc:controlfield>
        <marc:controlfield tag="007">hd afa014baca</marc:controlfield>
        <marc:datafield tag="040" ind1=" " ind2=" ">
            <marc:subfield code="a">UP3</marc:subfield>
            <marc:subfield code="b">eng</marc:subfield>
            <marc:subfield code="c">UP3</marc:subfield>
            <marc:subfield code="d">OCLCF</marc:subfield>
            <marc:subfield code="d">OCLCO</marc:subfield>
            <marc:subfield code="d">OCLCQ</marc:subfield>
            <marc:subfield code="d">OCLCO</marc:subfield>
            <marc:subfield code="d">OCLCQ</marc:subfield>
            <marc:subfield code="d">OCLCL</marc:subfield>
            <marc:subfield code="d">OCLCO</marc:subfield>
        </marc:datafield>
        <marc:datafield tag="043" ind1=" " ind2=" ">
            <marc:subfield code="a">n-us---</marc:subfield>
        </marc:datafield>
        <marc:datafield tag="050" ind1=" " ind2="4">
            <marc:subfield code="a">JK1108</marc:subfield>
            <marc:subfield code="b">.M35 Suppl. 2005 reel 7</marc:subfield>
        </marc:datafield>
        <marc:datafield tag="049" ind1=" " ind2=" ">
            <marc:subfield code="a">WAUW</marc:subfield>
        </marc:datafield>
        <marc:datafield tag="100" ind1="1" ind2=" ">
            <marc:subfield code="a">Borgatti, Rachel.</marc:subfield>
        </marc:datafield>
        <marc:datafield tag="245" ind1="1" ind2="0">
            <marc:subfield code="a">Open ocean aquaculture /</marc:subfield>
            <marc:subfield code="c">Rachel Borgatti, Eugene H. Buck.</marc:subfield>
        </marc:datafield>
        <marc:datafield tag="246" ind1="1" ind2=" ">
            <marc:subfield code="i">At head of title:</marc:subfield>
            <marc:subfield code="a">CRS report for Congress</marc:subfield>
        </marc:datafield>
        <marc:datafield tag="260" ind1=" " ind2=" ">
            <marc:subfield code="a">[Washington, D.C.] :</marc:subfield>
            <marc:subfield code="b">Congressional Information Service, Library of Congress,</marc:subfield>
            <marc:subfield code="c">[2004]</marc:subfield>
        </marc:datafield>
        <marc:datafield tag="300" ind1=" " ind2=" ">
            <marc:subfield code="a">17 pages ;</marc:subfield>
            <marc:subfield code="c">28 cm</marc:subfield>
        </marc:datafield>
        <marc:datafield tag="336" ind1=" " ind2=" ">
            <marc:subfield code="a">text</marc:subfield>
            <marc:subfield code="b">txt</marc:subfield>
            <marc:subfield code="2">rdacontent</marc:subfield>
        </marc:datafield>
        <marc:datafield tag="337" ind1=" " ind2=" ">
            <marc:subfield code="a">microform</marc:subfield>
            <marc:subfield code="b">h</marc:subfield>
            <marc:subfield code="2">rdamedia</marc:subfield>
        </marc:datafield>
        <marc:datafield tag="338" ind1=" " ind2=" ">
            <marc:subfield code="a">microfilm reel</marc:subfield>
            <marc:subfield code="b">hd</marc:subfield>
            <marc:subfield code="2">rdacarrier</marc:subfield>
        </marc:datafield>
        <marc:datafield tag="500" ind1=" " ind2=" ">
            <marc:subfield code="a">Cover title.</marc:subfield>
        </marc:datafield>
        <marc:datafield tag="500" ind1=" " ind2=" ">
            <marc:subfield code="a">&quot;December 13, 2004.&quot;</marc:subfield>
        </marc:datafield>
        <marc:datafield tag="504" ind1=" " ind2=" ">
            <marc:subfield code="a">Includes bibliographical references.</marc:subfield>
        </marc:datafield>
        <marc:datafield tag="500" ind1=" " ind2=" ">
            <marc:subfield code="a">&quot;05-RL-32694.&quot;</marc:subfield>
        </marc:datafield>
        <marc:datafield tag="533" ind1=" " ind2=" ">
            <marc:subfield code="a">Microfilm.</marc:subfield>
            <marc:subfield code="b">Bethesda, Md. :</marc:subfield>
            <marc:subfield code="c">University Publications of America,</marc:subfield>
            <marc:subfield code="d">2006.</marc:subfield>
            <marc:subfield code="e">on 1 microfilm reel with other items ; 35 mm.</marc:subfield>
            <marc:subfield code="f">(Major studies and issue briefs of the Congressional Research Service. 2005 supplement ; reel 7, fr. 0648).</marc:subfield>
        </marc:datafield>
        <marc:datafield tag="539" ind1=" " ind2=" ">
            <marc:subfield code="a">s</marc:subfield>
            <marc:subfield code="b">2006</marc:subfield>
            <marc:subfield code="d">mdu</marc:subfield>
            <marc:subfield code="e">n</marc:subfield>
            <marc:subfield code="g">a</marc:subfield>
        </marc:datafield>
        <marc:datafield tag="650" ind1=" " ind2="0">
            <marc:subfield code="a">Mariculture.</marc:subfield>
        </marc:datafield>
        <marc:datafield tag="650" ind1=" " ind2="0">
            <marc:subfield code="a">Sustainable fisheries.</marc:subfield>
        </marc:datafield>
        <marc:datafield tag="650" ind1=" " ind2="0">
            <marc:subfield code="a">Aquaculture industry.</marc:subfield>
        </marc:datafield>
        <marc:datafield tag="650" ind1=" " ind2="6">
            <marc:subfield code="a">Mariculture.</marc:subfield>
            <marc:subfield code="0">(CaQQLa)201-0014614</marc:subfield>
        </marc:datafield>
        <marc:datafield tag="650" ind1=" " ind2="6">
            <marc:subfield code="a">Pêches durables.</marc:subfield>
            <marc:subfield code="0">(CaQQLa)201-0267431</marc:subfield>
        </marc:datafield>
        <marc:datafield tag="650" ind1=" " ind2="6">
            <marc:subfield code="a">Aquaculture</marc:subfield>
            <marc:subfield code="x">Industrie.</marc:subfield>
            <marc:subfield code="0">(CaQQLa)201-0115912</marc:subfield>
        </marc:datafield>
        <marc:datafield tag="650" ind1=" " ind2="7">
            <marc:subfield code="a">Aquaculture industry</marc:subfield>
            <marc:subfield code="2">fast</marc:subfield>
            <marc:subfield code="0">(OCoLC)fst00811902</marc:subfield>
        </marc:datafield>
        <marc:datafield tag="650" ind1=" " ind2="7">
            <marc:subfield code="a">Mariculture</marc:subfield>
            <marc:subfield code="2">fast</marc:subfield>
            <marc:subfield code="0">(OCoLC)fst01009241</marc:subfield>
        </marc:datafield>
        <marc:datafield tag="650" ind1=" " ind2="7">
            <marc:subfield code="a">Sustainable fisheries</marc:subfield>
            <marc:subfield code="2">fast</marc:subfield>
            <marc:subfield code="0">(OCoLC)fst01139766</marc:subfield>
        </marc:datafield>
        <marc:datafield tag="700" ind1="1" ind2=" ">
            <marc:subfield code="a">Buck, Eugene H.</marc:subfield>
            <marc:subfield code="1">https://id.oclc.org/worldcat/entity/E39PCjygQJmKjCFVHWxvwQBYxC</marc:subfield>
        </marc:datafield>
        <marc:datafield tag="710" ind1="2" ind2=" ">
            <marc:subfield code="a">Library of Congress.</marc:subfield>
            <marc:subfield code="b">Congressional Research Service.</marc:subfield>
            <marc:subfield code="1">https://id.oclc.org/worldcat/entity/E39QQPVp83d6wxXtXtkr43HfFg</marc:subfield>
        </marc:datafield>
        <marc:datafield tag="758" ind1=" " ind2=" ">
            <marc:subfield code="i">has work:</marc:subfield>
            <marc:subfield code="a">Open ocean aquaculture (Text)</marc:subfield>
            <marc:subfield code="1">https://id.oclc.org/worldcat/entity/E39PCGrYywbvHbhVJJd6HBcC6X</marc:subfield>
            <marc:subfield code="4">https://id.oclc.org/worldcat/ontology/hasWork</marc:subfield>
        </marc:datafield>
        <marc:datafield tag="830" ind1=" " ind2="0">
            <marc:subfield code="a">Major studies and issue briefs of the Congressional Research Service.</marc:subfield>
            <marc:subfield code="p">Supplement ;</marc:subfield>
            <marc:subfield code="v">2005, reel 7, fr. 0648.</marc:subfield>
        </marc:datafield>
    </marc:record>