
    <marc:record>
        <marc:leader>02789cem a2200553 a 4500</marc:leader>
        <marc:controlfield tag="001">164438429</marc:controlfield>
        <marc:controlfield tag="005">20241028010133.9</marc:controlfield>
        <marc:controlfield tag="008">070814s2006    at        e  f  0   eng d</marc:controlfield>
        <marc:controlfield tag="006">aab    b   f000 0 </marc:controlfield>
        <marc:controlfield tag="007">ad canzn</marc:controlfield>
        <marc:datafield tag="040" ind1=" " ind2=" ">
            <marc:subfield code="a">WAU</marc:subfield>
            <marc:subfield code="b">eng</marc:subfield>
            <marc:subfield code="c">WAU</marc:subfield>
            <marc:subfield code="d">WAU</marc:subfield>
            <marc:subfield code="d">OCLCA</marc:subfield>
            <marc:subfield code="d">OCLCQ</marc:subfield>
            <marc:subfield code="d">OCLCO</marc:subfield>
            <marc:subfield code="d">OCLCF</marc:subfield>
            <marc:subfield code="d">OCLCQ</marc:subfield>
            <marc:subfield code="d">OCLCL</marc:subfield>
            <marc:subfield code="d">OCLCO</marc:subfield>
        </marc:datafield>
        <marc:datafield tag="020" ind1=" " ind2=" ">
            <marc:subfield code="a">0642475598</marc:subfield>
        </marc:datafield>
        <marc:datafield tag="020" ind1=" " ind2=" ">
            <marc:subfield code="a">9780642475596</marc:subfield>
        </marc:datafield>
        <marc:datafield tag="034" ind1="0" ind2=" ">
            <marc:subfield code="a">a</marc:subfield>
        </marc:datafield>
        <marc:datafield tag="043" ind1=" " ind2=" ">
            <marc:subfield code="a">u-at---</marc:subfield>
        </marc:datafield>
        <marc:datafield tag="050" ind1=" " ind2="4">
            <marc:subfield code="a">G2751.L2</marc:subfield>
            <marc:subfield code="b">A87 2006</marc:subfield>
        </marc:datafield>
        <marc:datafield tag="052" ind1=" " ind2=" ">
            <marc:subfield code="a">8961</marc:subfield>
        </marc:datafield>
        <marc:datafield tag="049" ind1=" " ind2=" ">
            <marc:subfield code="a">WAUW</marc:subfield>
        </marc:datafield>
        <marc:datafield tag="110" ind1="1" ind2=" ">
            <marc:subfield code="a">Australia.</marc:subfield>
            <marc:subfield code="b">Bureau of Rural Sciences.</marc:subfield>
        </marc:datafield>
        <marc:datafield tag="245" ind1="1" ind2="0">
            <marc:subfield code="a">Marine matters national :</marc:subfield>
            <marc:subfield code="b">atlas of Australian marine fishing and coastal communities /</marc:subfield>
            <marc:subfield code="c">authors, James Larcombe [and others] ; Australian Government, Fisheries Research &amp; Development Corporation, Department of the Environment and Heritage, Bureau of Rural Sciences.</marc:subfield>
        </marc:datafield>
        <marc:datafield tag="246" ind1="3" ind2="0">
            <marc:subfield code="a">Atlas of Australian marine fishing and coastal communities</marc:subfield>
        </marc:datafield>
        <marc:datafield tag="255" ind1=" " ind2=" ">
            <marc:subfield code="a">Scales differ.</marc:subfield>
        </marc:datafield>
        <marc:datafield tag="260" ind1=" " ind2=" ">
            <marc:subfield code="a">Canberra, ACT :</marc:subfield>
            <marc:subfield code="b">Bureau of Rural Sciences,</marc:subfield>
            <marc:subfield code="c">©2006.</marc:subfield>
        </marc:datafield>
        <marc:datafield tag="300" ind1=" " ind2=" ">
            <marc:subfield code="a">1 atlas (vii, 60 pages) :</marc:subfield>
            <marc:subfield code="b">color illustrations, 25 color maps ;</marc:subfield>
            <marc:subfield code="c">23 x 31 cm</marc:subfield>
        </marc:datafield>
        <marc:datafield tag="336" ind1=" " ind2=" ">
            <marc:subfield code="a">cartographic image</marc:subfield>
            <marc:subfield code="b">cri</marc:subfield>
            <marc:subfield code="2">rdacontent</marc:subfield>
        </marc:datafield>
        <marc:datafield tag="337" ind1=" " ind2=" ">
            <marc:subfield code="a">unmediated</marc:subfield>
            <marc:subfield code="b">n</marc:subfield>
            <marc:subfield code="2">rdamedia</marc:subfield>
        </marc:datafield>
        <marc:datafield tag="338" ind1=" " ind2=" ">
            <marc:subfield code="a">volume</marc:subfield>
            <marc:subfield code="b">nc</marc:subfield>
            <marc:subfield code="2">rdacarrier</marc:subfield>
        </marc:datafield>
        <marc:datafield tag="490" ind1="1" ind2=" ">
            <marc:subfield code="a">Science for decision makers</marc:subfield>
        </marc:datafield>
        <marc:datafield tag="500" ind1=" " ind2=" ">
            <marc:subfield code="a">&quot;Department of Agriculture, Fisheries and Forestry.&quot;</marc:subfield>
        </marc:datafield>
        <marc:datafield tag="530" ind1=" " ind2=" ">
            <marc:subfield code="a">Also issued electronically via World Wide Web in PDF format.</marc:subfield>
        </marc:datafield>
        <marc:datafield tag="504" ind1=" " ind2=" ">
            <marc:subfield code="a">Includes bibliographical references.</marc:subfield>
        </marc:datafield>
        <marc:datafield tag="650" ind1=" " ind2="0">
            <marc:subfield code="a">Fisheries</marc:subfield>
            <marc:subfield code="z">Australia</marc:subfield>
            <marc:subfield code="v">Maps.</marc:subfield>
        </marc:datafield>
        <marc:datafield tag="650" ind1=" " ind2="0">
            <marc:subfield code="a">Fisheries</marc:subfield>
            <marc:subfield code="x">Employees</marc:subfield>
            <marc:subfield code="x">Employment</marc:subfield>
            <marc:subfield code="z">Australia</marc:subfield>
            <marc:subfield code="v">Maps.</marc:subfield>
        </marc:datafield>
        <marc:datafield tag="650" ind1=" " ind2="0">
            <marc:subfield code="a">Aquaculture industry</marc:subfield>
            <marc:subfield code="x">Employees</marc:subfield>
            <marc:subfield code="x">Employment</marc:subfield>
            <marc:subfield code="z">Australia</marc:subfield>
            <marc:subfield code="v">Maps.</marc:subfield>
        </marc:datafield>
        <marc:datafield tag="651" ind1=" " ind2="0">
            <marc:subfield code="a">Australia</marc:subfield>
            <marc:subfield code="x">Economic conditions</marc:subfield>
            <marc:subfield code="v">Maps.</marc:subfield>
        </marc:datafield>
        <marc:datafield tag="650" ind1=" " ind2="0">
            <marc:subfield code="a">Coasts</marc:subfield>
            <marc:subfield code="z">Australia</marc:subfield>
            <marc:subfield code="v">Maps.</marc:subfield>
        </marc:datafield>
        <marc:datafield tag="650" ind1=" " ind2="7">
            <marc:subfield code="a">Coasts</marc:subfield>
            <marc:subfield code="2">fast</marc:subfield>
            <marc:subfield code="0">(OCoLC)fst00865801</marc:subfield>
        </marc:datafield>
        <marc:datafield tag="650" ind1=" " ind2="7">
            <marc:subfield code="a">Economic history</marc:subfield>
            <marc:subfield code="2">fast</marc:subfield>
            <marc:subfield code="0">(OCoLC)fst00901974</marc:subfield>
        </marc:datafield>
        <marc:datafield tag="650" ind1=" " ind2="7">
            <marc:subfield code="a">Fisheries</marc:subfield>
            <marc:subfield code="2">fast</marc:subfield>
            <marc:subfield code="0">(OCoLC)fst00926051</marc:subfield>
        </marc:datafield>
        <marc:datafield tag="651" ind1=" " ind2="7">
            <marc:subfield code="a">Australia</marc:subfield>
            <marc:subfield code="2">fast</marc:subfield>
            <marc:subfield code="1">https://id.oclc.org/worldcat/entity/E39QbtfRv8PPH7gCqhkJ8DK8bM</marc:subfield>
            <marc:subfield code="0">(OCoLC)fst01204543</marc:subfield>
        </marc:datafield>
        <marc:datafield tag="655" ind1=" " ind2="7">
            <marc:subfield code="a">Maps</marc:subfield>
            <marc:subfield code="2">fast</marc:subfield>
            <marc:subfield code="0">(OCoLC)fst01423704</marc:subfield>
        </marc:datafield>
        <marc:datafield tag="710" ind1="2" ind2=" ">
            <marc:subfield code="a">Fisheries Research &amp; Development Corporation (Australia)</marc:subfield>
            <marc:subfield code="1">https://id.oclc.org/worldcat/entity/E39QH7JmtdKtBPbKMbWBrr7C6g</marc:subfield>
        </marc:datafield>
        <marc:datafield tag="710" ind1="1" ind2=" ">
            <marc:subfield code="a">Australia.</marc:subfield>
            <marc:subfield code="b">Department of the Environment and Heritage.</marc:subfield>
        </marc:datafield>
        <marc:datafield tag="710" ind1="1" ind2=" ">
            <marc:subfield code="a">Australia.</marc:subfield>
            <marc:subfield code="b">Department of Agriculture, Fisheries, and Forestry.</marc:subfield>
        </marc:datafield>
        <marc:datafield tag="830" ind1=" " ind2="0">
            <marc:subfield code="a">Science for decision makers.</marc:subfield>
        </marc:datafield>
        <marc:datafield tag="856" ind1="4" ind2="1">
            <marc:subfield code="u">http://affashop.gov.au/product.asp?prodid=13535</marc:subfield>
            <marc:subfield code="z">Connect to site for downloading this title online</marc:subfield>
        </marc:datafield>
        <marc:datafield tag="856" ind1="4" ind2="1">
            <marc:subfield code="u">http://affashop.gov.au/PdfFiles/marine_matters_national_final.pdf</marc:subfield>
            <marc:subfield code="z">Connect to this title online (PDF: 36.49 MB) (Australian site)</marc:subfield>
        </marc:datafield>
        <marc:datafield tag="856" ind1="4" ind2="1">
            <marc:subfield code="u">http://www.lib.washington.edu/msd/norestriction/b58277808.pdf</marc:subfield>
            <marc:subfield code="z">Connect to this title online (PDF: 36.49 MB) (UW site)</marc:subfield>
        </marc:datafield>
        <marc:datafield tag="029" ind1="1" ind2=" ">
            <marc:subfield code="a">AU@</marc:subfield>
            <marc:subfield code="b">000041025892</marc:subfield>
        </marc:datafield>
    </marc:record>