
    <marc:record>
        <marc:leader>02012cmm a2200385 a 4500</marc:leader>
        <marc:controlfield tag="001">27248124</marc:controlfield>
        <marc:controlfield tag="005">20241210221241.5</marc:controlfield>
        <marc:controlfield tag="008">930113s1992    mdu     q  m f      eng d</marc:controlfield>
        <marc:controlfield tag="007">co ugu||||||||</marc:controlfield>
        <marc:datafield tag="040" ind1=" " ind2=" ">
            <marc:subfield code="a">AAA</marc:subfield>
            <marc:subfield code="b">eng</marc:subfield>
            <marc:subfield code="c">AAA</marc:subfield>
            <marc:subfield code="d">AGL</marc:subfield>
            <marc:subfield code="d">OCLCQ</marc:subfield>
            <marc:subfield code="d">SMU</marc:subfield>
            <marc:subfield code="d">W7L</marc:subfield>
            <marc:subfield code="d">OCLCQ</marc:subfield>
            <marc:subfield code="d">OCLCF</marc:subfield>
            <marc:subfield code="d">OCLCO</marc:subfield>
            <marc:subfield code="d">OCLCQ</marc:subfield>
            <marc:subfield code="d">COF</marc:subfield>
            <marc:subfield code="d">EJB</marc:subfield>
            <marc:subfield code="d">OCLCO</marc:subfield>
            <marc:subfield code="d">OCLCQ</marc:subfield>
            <marc:subfield code="d">OCLCO</marc:subfield>
            <marc:subfield code="d">OCLCL</marc:subfield>
            <marc:subfield code="d">OCLCO</marc:subfield>
        </marc:datafield>
        <marc:datafield tag="019" ind1=" " ind2=" ">
            <marc:subfield code="a">42825178</marc:subfield>
        </marc:datafield>
        <marc:datafield tag="050" ind1="1" ind2="4">
            <marc:subfield code="a">SH135</marc:subfield>
            <marc:subfield code="b">.A592 1992</marc:subfield>
        </marc:datafield>
        <marc:datafield tag="070" ind1="0" ind2=" ">
            <marc:subfield code="a">aZ5970.A68</marc:subfield>
            <marc:subfield code="b">1992</marc:subfield>
        </marc:datafield>
        <marc:datafield tag="072" ind1=" " ind2="0">
            <marc:subfield code="a">M120</marc:subfield>
        </marc:datafield>
        <marc:datafield tag="072" ind1=" " ind2="0">
            <marc:subfield code="a">M130</marc:subfield>
        </marc:datafield>
        <marc:datafield tag="086" ind1="0" ind2=" ">
            <marc:subfield code="a">A 17.2/2:AQ 3/4</marc:subfield>
        </marc:datafield>
        <marc:datafield tag="049" ind1=" " ind2=" ">
            <marc:subfield code="a">WAUW</marc:subfield>
        </marc:datafield>
        <marc:datafield tag="245" ind1="0" ind2="0">
            <marc:subfield code="a">Aquaculture II.</marc:subfield>
        </marc:datafield>
        <marc:datafield tag="260" ind1=" " ind2=" ">
            <marc:subfield code="a">Beltsville, Md. :</marc:subfield>
            <marc:subfield code="b">National Agricultural Library,</marc:subfield>
            <marc:subfield code="c">[1992]</marc:subfield>
        </marc:datafield>
        <marc:datafield tag="300" ind1=" " ind2=" ">
            <marc:subfield code="a">1 computer optical disc ;</marc:subfield>
            <marc:subfield code="c">4 3/4 in. +</marc:subfield>
            <marc:subfield code="e">I-SEARCH user manual + notes for system administrators</marc:subfield>
        </marc:datafield>
        <marc:datafield tag="500" ind1=" " ind2=" ">
            <marc:subfield code="a">Title from disk.</marc:subfield>
        </marc:datafield>
        <marc:datafield tag="500" ind1=" " ind2=" ">
            <marc:subfield code="a">&quot;National Agricultural Text Digitizing Project&quot;--Disc</marc:subfield>
        </marc:datafield>
        <marc:datafield tag="500" ind1=" " ind2=" ">
            <marc:subfield code="a">&quot;Guided tour of Aquaculture II CD-ROM&quot; by Judith A. Zidar (16 p.)inserted in container</marc:subfield>
        </marc:datafield>
        <marc:datafield tag="500" ind1=" " ind2=" ">
            <marc:subfield code="a">&quot;November 1992.&quot;</marc:subfield>
        </marc:datafield>
        <marc:datafield tag="538" ind1=" " ind2=" ">
            <marc:subfield code="a">System requirements: IBM-compatible 80386 micro; 4 MB storage space on hard disc; CD-ROM player with MS-DOS CD-ROM extensions 2.0 or higher mouse or other pointing device; 2 MB or more memory with 512 KB low RAM available; MS-DOS 3.3 or higher; Microsoft Windows 3.0 or 3.1; Windows Personal Librarian 3.0 (included on CD-ROM).</marc:subfield>
        </marc:datafield>
        <marc:datafield tag="520" ind1=" " ind2=" ">
            <marc:subfield code="a">Contains the page images and full text of 155 reference publications. Data base can be searched using either Windows Personal Librarian or I-Search retrieval software.</marc:subfield>
        </marc:datafield>
        <marc:datafield tag="650" ind1=" " ind2="0">
            <marc:subfield code="a">Aquaculture</marc:subfield>
            <marc:subfield code="v">Databases.</marc:subfield>
        </marc:datafield>
        <marc:datafield tag="650" ind1=" " ind2="6">
            <marc:subfield code="a">Aquaculture</marc:subfield>
            <marc:subfield code="0">(CaQQLa)201-0001992</marc:subfield>
            <marc:subfield code="v">Bases de données.</marc:subfield>
            <marc:subfield code="0">(CaQQLa)201-0378311</marc:subfield>
        </marc:datafield>
        <marc:datafield tag="650" ind1=" " ind2="7">
            <marc:subfield code="a">Aquaculture</marc:subfield>
            <marc:subfield code="2">fast</marc:subfield>
            <marc:subfield code="0">(OCoLC)fst00811864</marc:subfield>
        </marc:datafield>
        <marc:datafield tag="655" ind1=" " ind2="7">
            <marc:subfield code="a">databases.</marc:subfield>
            <marc:subfield code="2">aat</marc:subfield>
            <marc:subfield code="0">(CStmoGRI)aatgf300028543</marc:subfield>
        </marc:datafield>
        <marc:datafield tag="655" ind1=" " ind2="7">
            <marc:subfield code="a">Databases</marc:subfield>
            <marc:subfield code="2">fast</marc:subfield>
            <marc:subfield code="0">(OCoLC)fst01411643</marc:subfield>
        </marc:datafield>
        <marc:datafield tag="655" ind1=" " ind2="7">
            <marc:subfield code="a">Databases.</marc:subfield>
            <marc:subfield code="2">lcgft</marc:subfield>
        </marc:datafield>
        <marc:datafield tag="655" ind1=" " ind2="7">
            <marc:subfield code="a">Bases de données.</marc:subfield>
            <marc:subfield code="2">rvmgf</marc:subfield>
            <marc:subfield code="0">(CaQQLa)RVMGF-000001211</marc:subfield>
        </marc:datafield>
        <marc:datafield tag="710" ind1="2" ind2=" ">
            <marc:subfield code="a">National Agricultural Text Digitizing Project (U.S.)</marc:subfield>
            <marc:subfield code="1">https://id.oclc.org/worldcat/entity/E39QH7JmmY9Gy9dVyVDGWTTdGR</marc:subfield>
        </marc:datafield>
        <marc:datafield tag="753" ind1=" " ind2=" ">
            <marc:subfield code="a">IBM</marc:subfield>
            <marc:subfield code="c">DOS 3.3.</marc:subfield>
        </marc:datafield>
    </marc:record>
</marc:collection>
